3520 5616
404 567 445 629 38
787 568 869 626 1655
892 568 938 625 irs
962 566 1200 625 konstitutioner.

850 851 958 934 Cap.
986 854 1107 919 XIX.

569 1009 619 1074 De
641 1009 832 1076 hellenibus
857 1017 928 1076 tum
950 1011 988 1074 lo
1008 1033 1122 1096 peracre
1146 1017 1217 1076 tum
1238 1011 1276 1074 t'n
1297 1010 1409 1094 specie.

443 1167 490 1232 In
512 1187 671 1252 genere.

447 1273 474 1334 1.
520 1269 640 1333 Rector
661 1289 732 1330 cum
755 1265 942 1331 facultatum
967 1266 1095 1348 decanis
1118 1269 1289 1354 diligenter
1311 1267 1469 1354 dispiciat,
1486 1264 1621 1352 nequid

354 1372 520 1461 juventuti
550 1370 675 1457 publice
704 1377 911 1455 proponatur,
938 1369 1025 1456 quod
1055 1393 1074 1435 a
1100 1371 1162 1436 Ra
1191 1372 1273 1437 M2te
1296 1371 1549 1457 adpetitionem
1572 1391 1623 1434 se-

360 1485 455 1540 natus
479 1473 652 1540 academici
675 1493 739 1536 non
761 1470 859 1535 fuerit
880 1472 1101 1558 approbatum.

446 1581 477 1646 2.
520 1574 660 1654 Quando
694 1574 932 1660 praelectionum
967 1577 1129 1663 catalogus
1160 1576 1346 1642 formandus
1380 1586 1438 1656 est,
1470 1576 1560 1661 prius
1590 1576 1622 1639 in

359 1680 512 1744 facultate
535 1677 728 1742 convenient
750 1675 950 1762 professores
973 1679 1099 1764 singuli,
1122 1689 1155 1744 et
1176 1681 1313 1767 quisque
1328 1679 1528 1765 significabit,
1543 1677 1620 1764 quid

362 1789 395 1846 et
418 1779 580 1866 quomodo
604 1781 757 1860 docturus
782 1789 831 1846 est
854 1803 912 1867 per
934 1782 1183 1867 subsequentem
1206 1804 1333 1847 annum.

450 1888 479 1948 3.
526 1882 679 1948 Omnium
711 1883 894 1949 docentium
922 1887 1083 1972 praecipua
1109 1907 1185 1950 cura
1212 1886 1282 1964 erit,
1304 1893 1341 1948 ut
1357 1887 1513 1971 juventus
1536 1893 1622 1948 recte

363 1988 560 2066 informetur,
587 1996 621 2051 et
642 1988 712 2052 sine
734 1988 843 2052 multis
867 1988 1053 2074 ambagibus
1076 1988 1244 2054 adrerum
1268 2009 1331 2051 non
1353 1987 1492 2054 fucatam
1516 1989 1623 2072 cogni-

362 2093 481 2158 tionem
515 2088 705 2171 deducatur;
740 2090 847 2176 itaque
880 2092 1115 2156 commentariis
1143 2090 1276 2178 prolixis
1304 2090 1462 2157 dictandis
1494 2100 1623 2178 tempus

362 2215 425 2258 non
449 2200 563 2257 terent.

448 2301 478 2360 4.
524 2296 690 2374 Quantum
705 2295 773 2360 fieri
792 2298 905 2381 possit,
920 2295 1042 2360 dabunt
1056 2318 1187 2381 operam
1202 2297 1328 2383 singuli,
1345 2305 1381 2361 ut
1396 2317 1501 2361 annuo
1518 2295 1622 2380 spatio

363 2399 530 2464 lectionem
559 2397 695 2483 quisque
723 2419 813 2462 suam
842 2404 868 2481 (ε
892 2399 954 2463 nisi
984 2399 1100 2463 author
1126 2400 1280 2486 prolixior
1308 2400 1382 2481 sitz)
1403 2400 1523 2464 liniant.
1570 2395 1623 2460 Sic

364 2503 481 2568 veteris
510 2501 692 2566 testamenti
720 2502 839 2587 scripta
867 2500 934 2565 fere
963 2501 1097 2586 singula,
1126 2511 1262 2588 excepta
1289 2503 1410 2588 genesi,
1438 2501 1569 2587 psalmis
1592 2507 1624 2564 et

364 2605 530 2692 prophetis
553 2604 736 2691 majoribus,
759 2626 864 2667 annuo
888 2605 996 2690 spacio
1019 2604 1143 2670 absolvi
1160 2613 1307 2690 possunt.
1340 2605 1499 2669 Locorum
1519 2611 1623 2668 autem
1675 2615 1686 2638 ·

364 2707 615 2794 theologicorum
651 2706 831 2792 explicatio·
857 2707 977 2772 biennii
1011 2706 1154 2792 spacium
1187 2709 1349 2793 requirere
1383 2707 1520 2772 videtur.
1571 2705 1624 2770 Sic

360 2811 581 2898 jurisconsulti
609 2808 731 2874 dabunt
761 2832 901 2896 operam,
929 2820 965 2875 ut
987 2811 1092 2895 legum
1115 2810 1307 2875 suetiearum
1330 2811 1472 2896 itemque
1495 2810 1623 2873 institu-

364 2913 487 2977 tionum
517 2922 550 2977 et
577 2913 725 2978 similium
757 2923 949 2978 tractatuum
972 2913 1204 2978 enarrationem
1227 2935 1423 3000 perannum
1445 2911 1623 2978 absolvant.

364 3015 564 3081 Medicorum
588 3016 668 3080 alter
690 3038 779 3080 suam
802 3016 971 3080 lectionem
994 3016 1230 3081 institutionum
1250 3017 1443 3081 medicorum
1461 3038 1525 3080 uno
1541 3037 1624 3078 anno

365 3126 520 3204 perteret,
542 3119 624 3183 alter
645 3142 704 3204 pro
727 3119 905 3204 quantitate
927 3117 999 3182 libri
1021 3127 1149 3204 tempus
1173 3119 1335 3184 sufficiens
1358 3117 1532 3184 adhibebit.
1570 3115 1624 3181 Sic

364 3221 508 3308 plerique
536 3221 719 3307 philosophi
747 3222 822 3287 anni
851 3222 957 3307 spatio
985 3232 1139 3308 poterunt
1168 3222 1336 3288 absolvere
1365 3223 1502 3309 quisque
1534 3242 1623 3284 suam

364 3325 610 3411 praelectionem.

451 3431 479 3492 5.
525 3427 741 3506 Professores,
765 3429 984 3514 imprimisque
1007 3428 1226 3514 philosophias,
1248 3425 1434 3514 disciplinas
1450 3449 1524 3492 suas
1540 3427 1624 3492 clare

366 3539 398 3594 et
429 3532 607 3616 perspicue,
634 3533 704 3596 sine
731 3531 879 3595 omnibus
907 3552 1038 3616 prorsus
1066 3530 1327 3597 scholasticorum
1351 3531 1626 3617 perplexitatibus,

365 3633 597 3720 inutilibusque
625 3632 906 3720 speculationibus,
933 3635 1021 3700 tricis
1051 3643 1085 3698 et
1113 3633 1344 3700 subtilitatibus
1362 3633 1528 3720 juventuti
1551 3655 1624 3718 pro-

365 3746 496 3823 ponent,
530 3738 624 3824 inque
657 3739 697 3802 iis
731 3735 896 3801 tradendis
927 3759 1031 3801 rerum
1060 3737 1295 3802 tractandarum
1317 3735 1417 3802 indoli
1440 3759 1477 3801 ac
1499 3736 1625 3802 discen-

364 3841 444 3905 tium
467 3844 575 3926 captui
597 3839 869 3904 accommodatum
893 3838 1079 3904 methodum
1103 3850 1247 3905 accurate
1269 3841 1431 3907 tenebunt.

722 4043 780 4109 De
802 4044 1047 4110 lectionibus
1070 4046 1107 4110 in
1130 4046 1275 4132 specie.

452 4183 535 4250 Cum
565 4193 702 4271 quatuor
732 4184 797 4247 sint
826 4181 996 4246 facultates
1024 4184 1221 4271 multumque
1244 4187 1341 4270 juvet
1362 4207 1429 4250 rem
1451 4185 1624 4249 literariam

365 4297 471 4352 certus
494 4289 583 4368 ordo,
605 4288 657 4352 hic
679 4307 806 4372 quoqne
828 4284 986 4370 imprimis
1009 4285 1041 4350 in
1066 4287 1229 4354 academia
1251 4287 1415 4353 observari
1438 4286 1545 4352 debet.

453 4408 512 4470 l:o.
548 4407 855 4490 Theologorum.

450 4508 686 4595 Theologorum
715 4508 847 4594 primus
876 4510 930 4592 qui
959 4517 991 4572 et
1013 4519 1124 4594 pastor
1145 4510 1296 4591 civitatis,
1318 4511 1396 4575 bora
1418 4532 1502 4574 nona
1525 4510 1623 4575 libros

365 4611 531 4698 scripturae
558 4613 635 4677 novi
662 4610 846 4676 testamenti
870 4633 910 4674 ex
933 4619 1024 4674 textu
1047 4613 1194 4697 originali
1216 4613 1389 4700 explicabit
1411 4623 1444 4676 et
1466 4623 1622 4699 praeterea

365 4716 536 4800 quotannis
563 4726 686 4806 partem
711 4714 848 4800 aliquam
877 4713 1017 4780 historiae
1046 4715 1267 4782 ecclesiasticae
1296 4717 1373 4782 novi
1396 4718 1624 4781 testamentis
