3520 5616
404 549 444 613 36
779 553 860 612 1655
884 554 930 612 ira
954 555 1191 612 lunatitutiouer.

446 740 505 801 320.
550 734 595 798 In
618 737 765 821 specie

445 856 503 921 De
535 856 883 942 disputationibus
911 857 1102 944 publicis,
1131 856 1324 943 quomodo
1351 856 1407 922 hae
1429 856 1624 922 celebrari

360 957 543 1023 debeant

449 1082 476 1144 1.
521 1080 654 1145 Publice
677 1080 899 1168 disputaturus
922 1082 1106 1168 conscripta
1123 1080 1351 1168 disputationis
1367 1080 1511 1146 themata
1526 1081 1626 1148 facul·

359 1182 438 1246 tatis
461 1182 583 1248 decano
608 1184 782 1264 exhibebit,
805 1186 986 1272 quicunque
1011 1185 1065 1249 ille
1087 1185 1194 1250 fuerit

445 1305 464 1366 2
520 1302 697 1390 Postquam
719 1304 865 1384 facultas,
888 1313 924 1367 ut
945 1303 1056 1368 haberi
1079 1304 1185 1390 possit
1205 1301 1385 1388 disputatio
1402 1301 1518 1387 aliqua,
1533 1310 1625 1388 pote·

360 1411 476 1469 statem
499 1404 634 1478 dederit.
657 1417 753 1492 atque
775 1409 863 1493 typis
887 1427 1005 1470 excusa
1026 1405 1133 1485 luerit,
1155 1404 1354 1492 respondens
1374 1403 1502 1491 publice
1518 1425 1624 1468 exem-

360 1507 462 1592 plaria
483 1509 568 1574 inter
585 1508 750 1574 studiosos
772 1510 872 1596 gratis
896 1532 959 1574 non
983 1508 1163 1573 distribuet

447 1613 475 1675 3.
523 1610 771 1699 Disputationes
793 1611 948 1697 juridica,
970 1610 1101 1676 medicae
1125 1622 1158 1676 et
1177 1609 1406 1697 philosophice
1421 1609 1624 1675 habebuntur

358 1709 410 1776 die
434 1711 588 1779 Sabbathi
612 1717 664 1780 vel
685 1715 850 1795 Mercurii,
872 1713 1058 1800 theologicae
1081 1735 1159 1778 vero
1182 1712 1235 1778 die
1258 1712 1412 1778 Sabbathi
1434 1721 1569 1776 tantum.

444 1819 474 1879 4.
517 1815 659 1894 Quando
683 1818 714 1881 in
738 1819 958 1903 superioribus
980 1816 1186 1881 facultatibus
1202 1815 1437 1903 disputationes
1456 1814 1623 1894 habentur,

358 1916 421 1981 illis
450 1917 566 1984 cedent
594 1919 663 1984 aliae
691 1942 889 2007 quaecunque
918 1923 1014 1985 etiam
1035 1918 1215 2005 graduales,
1237 1919 1350 1984 necin
1374 1919 1439 1984 ullo
1462 1917 1622 1984 auditorio

358 2019 569 2104 habebuntur,
593 2021 744 2108 quamdiu
768 2024 841 2088 talis
864 2022 1041 2109 disputatio
1064 2022 1252 2086 instituitur.

446 2127 472 2186 5.
520 2125 645 2192 Praeses
675 2129 786 2214 paucis
813 2128 922 2194 verbis
945 2127 1196 2213 disputationem
1219 2126 1343 2211 aperiet
1365 2135 1398 2188 et
1420 2135 1621 2211 opponentes

358 2226 522 2308 invitabit;
545 2229 601 2315 qui
624 2230 733 2294 statim
756 2231 825 2295 sine
848 2230 1035 2317 praefatione
1058 2229 1296 2315 oppositionem
1319 2226 1556 2314 aggredientur,

450 2332 478 2394 6.
527 2330 566 2395 In
599 2331 872 2419 disputationibus
907 2356 971 2398 non
1005 2332 1210 2418 gradualibus
1244 2330 1474 2417 opponentium
1509 2339 1623 2394 neuter

360 2432 441 2497 ultra
465 2433 575 2499 horam
599 2443 750 2521 opponet.
784 2435 869 2500 Tum
891 2437 919 2500 si
942 2437 1035 2500 alicui
1059 2435 1278 2522 professorum
1300 2433 1466 2520 placuerit,
1481 2454 1621 2520 sequena

358 2544 487 2620 tempus
521 2538 705 2623 occupabit,
739 2539 788 2602 sin
823 2539 938 2618 minus,
971 2537 1093 2602 reditus
1127 2537 1183 2601 fiet
1210 2535 1252 2600 ad
1280 2536 1470 2618 ordinarios,
1493 2536 1521 2600 si
1544 2535 1622 2623 quid

360 2661 525 2725 opponere
559 2641 693 2705 ulterius
727 2640 898 2706 voluerint.
953 2640 992 2704 In
1027 2641 1175 2705 omnibus
1211 2649 1318 2705 autem
1346 2639 1620 2726 disputationibus

358 2753 546 2826 argumenta
568 2765 696 2832 semper
718 2743 751 2806 in
773 2743 875 2807 forma
897 2741 1094 2829 syllogistica
1116 2751 1343 2830 proponentur.

444 2848 471 2908 l.
517 2843 647 2910 Placide
681 2844 917 2931 disputationes
951 2845 1038 2922 fient,
1073 2846 1142 2910 sinc
1176 2845 1415 2924 scommatibus,
1443 2844 1621 2927 calumniis,

356 2947 491 3033 injuriis,
523 2947 796 3028 altercationibus,
829 2947 908 3011 rixis
943 2955 976 3012 et
1007 2950 1127 3012 mutuis
1159 2946 1483 3034 interpellationibus,
1518 2948 1621 3013 vitata

358 3051 444 3115 omni
466 3051 642 3138 pertinacia
664 3061 918 3138 praeconceptam
942 3052 1125 3138 opinionem
1149 3050 1342 3116 defendendi
1349 3075 1359 3131 3
1382 3073 1558 3137 omnesque
1581 3051 1620 3115 ad

358 3153 503 3217 veritatis
527 3154 773 3239 explicationem
788 3155 975 3241 dirigentur,
993 3154 1314 3241 observabunturque
1328 3155 1416 3220 vices
1435 3153 1618 3240 opponendi

357 3265 391 3318 et
412 3256 639 3341 respondendi,
660 3281 702 3322 ne
724 3268 852 3345 tempus
875 3267 978 3322 totum
1003 3259 1157 3323 alteruter
1179 3258 1267 3322 solus
1290 3265 1434 3343 occupet.
1478 3257 1546 3335 Qui
1570 3279 1620 3322 se-

357 3380 412 3422 cus
437 3358 550 3422 fecerit
572 3358 795 3424 admonebitur
817 3383 836 3425 a
858 3369 992 3441 rectore,
1021 3360 1151 3441 decano,
1174 3361 1226 3425 vel
1249 3360 1312 3424 alio
1334 3358 1517 3445 professore
1540 3381 1620 3445 prte-

356 3470 447 3524 sente
453 3485 462 3540 ;
492 3461 519 3525 si
547 3483 610 3526 non
640 3464 790 3548 paruerit,
820 3485 927 3528 coram
956 3464 1146 3536 consistorio
1175 3462 1377 3527 accusabitur
1398 3471 1431 3526 et
1453 3462 1620 3527 arbitraria

356 3585 459 3649 poena
481 3563 648 3649 plectetur.
694 3563 729 3629 Si
753 3567 870 3652 saepius
894 3567 1084 3652 peccaverit,
1107 3565 1146 3629 ad
1171 3565 1391 3630 cancellarium
1415 3563 1587 3630 deferetur.

441 3670 470 3730 8.
517 3665 705 3750 Disputatio
728 3666 768 3731 ab
791 3665 869 3731 hora
890 3670 1046 3733 matutina
1068 3669 1204 3754 septima
1224 3669 1391 3756 incipiens,
1408 3668 1491 3733 ultra
1507 3669 1617 3733 horam

354 3767 554 3832 undecimam
583 3790 648 3832 non
676 3770 896 3855 protrahetur3
928 3794 999 3858 quae
1021 3781 1201 3858 temporum
1224 3781 1386 3836 momenta
1408 3772 1462 3858 qui
1485 3773 1618 3859 praecise

354 3894 418 3935 non
447 3872 703 3953 observaverint,
734 3895 790 3938 sex
823 3896 944 3939 marcas
972 3875 1050 3939 fisco
1077 3874 1228 3960 pendent.
1273 3876 1396 3940 Horam
1429 3897 1540 3940 cursor
1571 3878 1617 3940 in-

355 3971 486 4038 dicabit.

440 4079 467 4139 9.
511 4076 593 4154 Qua
624 4099 700 4141 vero
723 4085 838 4141 octava
859 4077 937 4142 hora
960 4078 1152 4145 inchoantur
1173 4078 1418 4167 disputationes,
1440 4079 1527 4165 quod
1550 4079 1617 4144 die-

353 4177 412 4242 bus
441 4177 595 4243 Mercurii
627 4180 695 4246 fieri
724 4181 912 4267 plerumque
941 4183 1032 4266 solet,
1063 4185 1147 4250 ultra
1169 4182 1360 4248 ordinariam
1383 4182 1493 4247 horam
1516 4181 1616 4246 unde-

353 4280 467 4345 cimam
483 4305 547 4347 non
565 4283 783 4368 protahentur,
798 4284 860 4348 nisi
876 4285 995 4350 selecta
1009 4287 1165 4373 imprimis
1184 4295 1217 4351 et
1233 4285 1351 4351 nobilis
1362 4285 1462 4350 fuerit
1473 4287 1614 4362 materia,

353 4396 421 4448 tum
449 4385 656 4469 permittente
685 4387 806 4452 decano
829 4388 925 4474 paulo
948 4390 1092 4470 ulterius,
1114 4412 1173 4454 nec
1195 4398 1303 4454 tamen
1327 4389 1391 4454 ullo
1414 4389 1510 4454 modo
1533 4390 1616 4454 ultra

352 4486 573 4553 duodecimam
603 4501 679 4554 sunt
701 4490 923 4576 producendae.
968 4491 1008 4555 In
1031 4492 1236 4577 gradualibus
1259 4491 1532 4578 disputationibus
1552 4493 1613 4578 pri-

350 4613 418 4655 mas
447 4589 526 4654 duas
548 4591 644 4656 horas
667 4591 820 4657 ordinarii
843 4605 1054 4680 opponentes,
1078 4593 1233 4680 reliquum
1258 4595 1412 4681 temporis
1436 4595 1612 4660 extraordi-

351 4693 429 4757 narii
454 4701 487 4756 et
508 4695 708 4778 professores
732 4697 943 4783 occupabunt.
983 4700 1021 4764 ln
1046 4698 1263 4783 superioribus
1286 4698 1493 4764 facultatibus
1517 4698 1609 4762 etiam
