3564 5624
422 522 464 584 24
816 519 898 578 1655
922 520 968 578 irs
990 518 1229 578 lonstitutioner.

382 716 415 773 et
440 704 689 771 taciturnitatem
717 703 749 767 in
778 703 936 776 omnibus,
959 724 1030 789 quse
1052 700 1222 768 academiae
1244 699 1341 766 saluti
1363 709 1461 785 atque
1482 698 1640 763 bonorum

381 811 472 876 famae
495 809 684 891 inserviunt,
707 809 768 873 rite
790 809 1044 874 observaturum.
1084 806 1138 871 Ita
1159 828 1211 871 me
1232 805 1332 870 Dans
1355 803 1498 891 adjuvet.

470 918 498 979 3.
543 913 706 991 Quoniam
734 913 906 978 secretario
933 911 1136 978 amanuensis
1159 917 1210 975 est
1230 909 1441 986 necessarius,
1463 905 1642 994 prasertim

382 1017 510 1106 quando
532 1016 762 1104 multiplicatur
784 1015 945 1083 scribendi
967 1015 1066 1096 labor,
1088 1015 1116 1079 is
1139 1035 1268 1101 quoque
1286 1015 1470 1100 juramento
1493 1008 1643 1096 sequenti

383 1146 418 1190 se
441 1122 629 1208 obstringet.

739 1241 1005 1306 duramentum
1034 1238 1286 1306 amanuensis.

468 1365 539 1450 Ego
561 1363 603 1429 N.
627 1363 668 1428 N.
692 1371 802 1428 sancte
825 1363 988 1449 polliceor,
1010 1384 1061 1427 me
1083 1363 1115 1425 in
1139 1359 1331 1426 demandato
1354 1357 1430 1422 mihi
1453 1379 1584 1422 munera
1606 1358 1643 1422 fi-

383 1469 547 1535 delitatem
570 1477 667 1555 atque
689 1467 887 1554 diligentiam
910 1465 1063 1532 adhibere
1086 1466 1169 1531 velle
1191 1465 1223 1530 in
1240 1465 1398 1541 omnibus,
1412 1485 1482 1549 quae
1498 1461 1540 1526 ad
1554 1484 1643 1526 man-

384 1574 492 1639 datum
527 1572 695 1638 academia
729 1571 862 1637 rectoris
892 1572 944 1637 vel
972 1570 1136 1636 secretarii
1167 1567 1395 1658 perscribenda
1416 1567 1486 1632 sive
1508 1567 1586 1631 alias
1609 1566 1644 1630 in

385 1679 553 1743 utilitatem
585 1676 754 1742 academiae
777 1675 945 1741 efficienda
967 1677 1182 1762 injunguntur.
1228 1672 1493 1738 Taciturnitatem
1515 1693 1644 1757 quoque

384 1783 445 1847 rite
468 1781 605 1847 servabo
627 1781 660 1846 in
685 1781 724 1845 iis
747 1780 904 1860 omnibus,
926 1803 997 1866 quae
1020 1778 1073 1845 vel
1095 1777 1263 1844 academiae
1286 1779 1476 1844 secretarius
1497 1774 1645 1855 edixerit,

385 1886 437 1951 vel
460 1886 530 1972 ipse
552 1883 739 1950 intellexero
761 1907 825 1949 non
849 1883 992 1970 evulgari
1014 1882 1141 1948 debere.
1185 1883 1238 1947 Ita
1260 1904 1310 1947 me
1334 1881 1433 1948 Dauo
1456 1880 1598 1969 adjuvet.

883 2141 989 2224 Gap.
1013 2143 1147 2208 ΧΠΙ.

726 2283 776 2347 De
797 2283 963 2368 ademtis
985 2303 1160 2366 amaraque
1181 2283 1301 2366 officio.

474 2427 500 2490 1.
547 2421 723 2487 Facurltatis
746 2420 933 2506 theologicae
956 2419 1098 2506 adjuncti
1121 2417 1185 2484 duo
1209 2428 1312 2485 erunt.
1358 2420 1506 2498 Quorum
1528 2441 1646 2484 munus

386 2528 462 2594 erit:
500 2530 527 2592 1.
556 2525 753 2591 Rudioribus
783 2524 936 2589 studiosis
966 2524 1134 2589 authorem
1162 2525 1305 2590 locorum
1333 2525 1586 2610 theologicorum
1612 2523 1646 2587 in

385 2630 548 2697 academia
569 2638 742 2716 receptum,
764 2631 941 2716 prasertim
964 2627 996 2691 in
1019 2627 1219 2714 compendio,
1241 2628 1325 2693 sicut
1346 2636 1379 2694 et
1401 2629 1501 2694 libros
1517 2628 1647 2714 symbo-

385 2737 475 2816 licos,
498 2757 536 2799 ex
559 2733 689 2799 decreto
711 2733 883 2812 facultatis
912 2732 1064 2818 priva-tim
1086 2732 1254 2818 explicare.
1299 2735 1327 2797 2.
1352 2731 1459 2798 Semel
1481 2732 1646 2797 minimum

386 2839 532 2927 quolibet
559 2860 642 2902 anno
671 2836 835 2923 disputare
865 2837 925 2902 sub
948 2835 1098 2923 praesidio
1120 2836 1254 2924 alicujus
1276 2837 1471 2924 professoris
1493 2835 1646 2924 theologi,

386 2944 449 3009 nisi
470 2943 650 3007 licentiatus
673 2948 729 3005 aut
752 2940 866 3005 doctor
886 2940 993 3005 firerit.

472 3051 502 3114 2.
546 3045 695 3110 Facultas
714 3044 853 3131 juridica
875 3053 908 3110 et
930 3043 1054 3110 medica
1075 3043 1238 3110 habebunt
1260 3045 1392 3132 singulae
1410 3067 1504 3110 suum
1519 3068 1648 3132 quoque

386 3151 579 3238 adjunctum,
601 3149 656 3235 qui
679 3171 726 3229 ea,
748 3169 817 3234 quae
839 3148 973 3213 facultas
992 3148 1135 3235 jusserit,
1156 3171 1336 3235 proponere
1359 3148 1488 3216 debent.

473 3258 500 3319 3.
544 3253 778 3340 Philosophicae
800 3252 945 3317 facultati
967 3261 1104 3338 quatuor
1118 3251 1339 3339 adjungentur.
1374 3253 1421 3318 Hi
1447 3257 1473 3318 l.
1496 3253 1553 3318 Bis
1569 3276 1647 3340 quo-

385 3359 491 3424 tannis
520 3367 576 3422 aut
603 3357 699 3422 etiam
722 3357 838 3442 saepius
861 3355 1073 3442 disputabunt
1093 3357 1230 3442 publice.
1276 3360 1305 3422 2.
1335 3356 1493 3423 Privatim
1513 3357 1648 3443 linguas,

386 3462 623 3549 philosophiam
656 3469 690 3525 et
723 3461 877 3546 probatos
907 3471 1053 3525 auctores
1076 3470 1264 3547 proponent.
1310 3465 1339 3526 3.
1362 3461 1648 3548 Disputationibus

386 3565 618 3653 philosophicis
647 3573 743 3650 atque
767 3563 965 3630 orationibus
984 3566 1187 3650 juventutem
1213 3566 1417 3640 exercebunt,
1441 3565 1537 3651 idque
1560 3565 1649 3631 horis

387 3678 421 3735 et
443 3669 557 3734 diebus
581 3667 856 3748 extraordinariis;
878 3690 937 3754 pro
960 3691 1024 3754 quo
1049 3668 1156 3733 labore
1176 3677 1293 3754 praeter
1312 3669 1461 3734 salarium
1481 3671 1648 3758 praemium

387 3774 428 3839 ab
451 3772 650 3837 auditoribus
673 3772 839 3858 accipient.

473 3875 520 3940 Hi
552 3884 659 3966 autem
690 3897 800 3940 omnes
831 3883 864 3940 et
892 3874 1008 3961 singuli
1030 3875 1202 3960 facultatis
1225 3876 1266 3942 ad
1289 3899 1383 3964 quam
1405 3878 1578 3964 pertinent,
1601 3877 1650 3942 di-

387 3981 522 4046 rectioni
544 3980 789 4060 acherontaeo
811 3979 980 4065 quicquam
1002 3981 1035 4044 in
1058 3980 1119 4046 ista
1142 3990 1325 4068 proponent
1345 3982 1466 4068 absque
1487 3982 1650 4048 faordtatis

388 4087 483 4151 venia
506 4092 538 4150 et
561 4105 727 4148 consensu.

880 4293 987 4376 Cap.
1015 4293 1147 4360 XIV.

716 4430 766 4495 De
788 4431 942 4514 uigilibus
964 4453 1139 4518 mnusque
1156 4436 1320 4519 prefecto.

475 4570 505 4632 1.
550 4567 631 4632 Cum
660 4568 802 4655 Upsaliae
831 4568 901 4632 duee
929 4570 993 4633 sint
1015 4568 1173 4634 distincta
1192 4568 1445 4656 jurisdictiones,
1469 4569 1650 4637 academica

389 4694 460 4752 una,
494 4672 594 4736 altera
626 4674 745 4753 urbica,
777 4682 811 4739 et
838 4675 1053 4738 necessarium
1080 4674 1123 4738 sit
1151 4675 1326 4739 communis
1349 4675 1589 4761 tranquillitatis
1612 4699 1651 4741 ac

385 4775 519 4872 publiea
553 4778 641 4876 pacis
676 4777 842 4851 sewandae
876 4799 972 4852 causa
1000 4779 1151 4852 constitui
1174 4779 1299 4869 vigiles,
1323 4781 1379 4871 qui
1400 4788 1573 4852 nocturnos
1597 4790 1647 4854 tu*
