3564 5624
573 527 655 586 1655
679 527 725 586 trs
748 527 986 588 kcnstitnticnar.
1336 525 1376 588 27

141 708 270 787 Quam
297 709 444 776 modeste
470 711 513 776 ab
540 711 751 778 instrantibus
778 710 965 798 postulabit,
990 719 1026 776 ut
1051 711 1178 796 gladios
1207 710 1365 796 tantisper
1387 710 1420 776 in

142 813 323 880 vestibulo
350 813 516 901 deponant
541 837 616 882 mox
647 815 841 896 reddendos,
862 837 927 901 quo
950 813 1060 880 debita
1076 814 1201 902 judicio
1224 822 1351 880 constet
1372 837 1422 880 re-

140 919 313 984 verentia.
359 919 505 984 Absente
537 920 670 1006 vigilum
702 919 867 1007 prefecto,
893 919 955 984 boc
983 918 1091 1005 ipsum
1112 920 1162 984 sui
1185 920 1326 984 muneris
1349 942 1422 986 esse

143 1023 364 1088 meminerint
385 1045 543 1090 cursores.

251 1128 303 1192 12.
348 1126 431 1192 Cum
464 1127 618 1214 capitales
648 1149 751 1192 caussa
784 1135 931 1213 aguntur,
965 1149 1076 1192 omnes
1108 1127 1222 1212 vigiles
1249 1125 1422 1191 academici

143 1251 226 1293 cum
261 1231 413 1317 prefecto
446 1253 504 1297 suo
531 1240 650 1318 praesto
677 1239 771 1296 erunt
800 1232 914 1296 armati
937 1241 970 1296 ct
991 1254 1064 1296 reos
1087 1253 1105 1296 e
1128 1253 1254 1296 carcerc
1276 1228 1318 1293 ad
1335 1228 1420 1314 judi-

143 1335 242 1400 cium
266 1334 427 1402 deducent
448 1336 518 1400 sine
539 1335 634 1401 turba
656 1343 689 1401 et
707 1337 846 1422 strepitu
851 1360 861 1416 ;
877 1334 1071 1421 eosdemque
1087 1357 1213 1400 rursum
1228 1358 1247 1400 a
1257 1333 1421 1420 judicibus

145 1437 322 1520 dimissos,
354 1439 417 1504 nisi
450 1439 589 1504 absoluti
617 1439 745 1519 fuerint,
768 1439 800 1504 in
823 1438 1003 1505 custodiam
1025 1440 1095 1506 sinc
1118 1462 1208 1504 mora
1229 1447 1263 1504 et
1283 1437 1422 1504 fideliter

146 1540 325 1608 reducent.

674 1749 781 1833 Cap.
810 1749 918 1816 XV.

417 1909 466 1973 De
489 1908 655 1973 ministris
673 1908 817 1992 publicis
840 1929 1015 1991 eorumque
1037 1906 1159 1991 officio.

247 2081 372 2146 Famuli
395 2079 563 2145 academice
586 2103 603 2144 a
627 2089 740 2146 senatu
763 2081 829 2146 bini
852 2081 1099 2146 constituentur.
1147 2080 1195 2145 Hi
1221 2085 1248 2149 1.
1271 2081 1422 2146 Rectoris

145 2188 248 2271 jussa
275 2183 462 2272 quotidiana
490 2183 664 2270 expedient
691 2194 724 2250 et
752 2185 783 2248 in
813 2183 935 2251 aedibus
957 2185 1092 2250 rectoris
1114 2185 1316 2271 apparebunt
1337 2207 1420 2271 quo-

150 2287 239 2354 tidie
262 2289 340 2355 hora
364 2297 479 2354 octava
500 2290 657 2355 matutina
680 2298 713 2354 et
727 2288 926 2354 duodecima.
961 2293 990 2353 2.
1013 2289 1053 2353 In
1069 2289 1283 2374 processibus,
1295 2312 1423 2376 promc-

151 2393 301 2459 tionibus
324 2403 357 2458 et
379 2394 527 2459 omnibus
549 2393 674 2458 actibus
696 2393 833 2480 publicis
856 2394 973 2458 rectori
995 2401 1112 2480 praesto
1128 2403 1231 2482 erunt.
1266 2398 1294 2460 3.
1318 2393 1423 2458 Deca-

151 2521 273 2563 ncrum
299 2501 396 2585 jussu
428 2499 651 2563 convocabunt
680 2498 858 2577 facultates,
885 2498 1010 2583 quoties
1039 2520 1120 2584 opus
1143 2497 1249 2564 fuerit
1291 2501 1322 2563 4.
1345 2497 1424 2562 Oar-

151 2601 241 2666 ceris
265 2609 299 2667 et
319 2603 530 2689 captivorum,
557 2604 612 2689 qui
635 2625 653 2666 a
675 2603 827 2689 praefecto
851 2603 984 2689 vigilum
1006 2624 1070 2667 non
1094 2611 1170 2666 sunt
1191 2602 1423 2689 comprehensi,
1457 2609 1459 2613 ’

152 2725 267 2770 curam
295 2714 417 2792 gerent,
445 2713 479 2771 et
505 2706 611 2772 claves
640 2706 776 2772 carceris
804 2707 886 2772 bene
910 2707 1123 2773 asservabant
1146 2705 1240 2773 etad
1264 2714 1421 2771 rectorem

153 2807 304 2894 quotidic
327 2809 482 2876 deferent.
523 2815 551 2876 5.
575 2809 698 2898 Stipem
723 2833 742 2875 a
763 2811 918 2876 studiosis
942 2811 991 2877 bis
1014 2813 1046 2877 in
1070 2834 1153 2876 anno
1169 2811 1329 2897 colligent,
1346 2832 1423 2897 qua-

152 2912 240 2977 libet
260 2914 332 2980 vice
354 2937 374 2979 a
395 2915 528 3000 singulis
551 2914 673 2980 solidos
694 2923 770 2996 tres,
793 2938 813 2980 a
833 2916 994 2982 nobilibus
1017 2923 1100 2996 octo,
1121 2938 1141 2980 a
1161 2914 1321 3001 magistris
1345 2935 1422 3000 qua-

153 3023 244 3097 tuor,
265 3016 363 3105 idque
385 3040 496 3084 mense
518 3019 609 3106 Majo
633 3027 666 3083 et
688 3019 834 3085 Octobri.
871 3021 901 3084 6.
925 3019 1152 3085 Studiosorum
1174 3041 1306 3084 censum
1328 3019 1423 3086 simul

153 3132 257 3206 agent
279 3131 312 3186 et
334 3123 465 3188 nomina
485 3123 568 3188 libro
591 3121 744 3210 deinceps
770 3125 887 3189 rectori
909 3123 1066 3190 tradendo
1082 3123 1231 3203 inferent,
1246 3121 1422 3206 designatis

155 3224 259 3288 etiam
280 3224 441 3312 hospitiis.
475 3227 710 3312 Quemcunque
733 3235 849 3308 autem,
872 3227 912 3292 ad
935 3226 1121 3292 mandatum
1143 3225 1289 3306 rectoris,
1305 3227 1422 3292 carceri

155 3328 335 3409 includunt,
363 3331 549 3417 priusquam
577 3330 767 3412 dimittatur,
793 3332 914 3397 famulo
935 3331 1051 3397 thaleri
1072 3330 1283 3417 quadrantem
1306 3329 1421 3394 solvet.

651 3637 757 3720 Cap.
787 3639 919 3706 XVI.

651 3777 699 3842 De
726 3779 932 3862 depositione.

248 3954 276 4016 1.
321 3951 545 4037 Depositionis
568 3952 772 4018 obscoenitas
794 3973 856 4017 non
880 3951 1016 4033 feretnr3
1039 3953 1169 4018 vexatio
1197 3951 1327 4030 ludicra,
1351 3977 1421 4041 quse

155 4055 195 4120 fit
225 4055 430 4141 aenigmaticis
459 4064 493 4120 et
513 4054 635 4141 aliquid
656 4055 804 4121 utilitatis
827 4056 1018 4122 habentibus
1042 4056 1273 4143 questionibus
1296 4065 1330 4122 et
1350 4058 1422 4124 aliie

101 4149 109 4166 ”
155 4158 350 4245 quibusdam
383 4159 498 4224 ritibus
532 4161 662 4224 tolerari
696 4167 814 4246 potest,
847 4158 943 4225 modo
971 4161 1028 4226 fiat
1050 4161 1119 4226 sine
1142 4161 1239 4240 larva,
1261 4161 1367 4227 cinere
1389 4173 1422 4229 et

155 4261 292 4350 fuligine
322 4264 457 4349 aliisque
484 4263 656 4329 servilibus
683 4262 829 4328 ludibriis
856 4263 998 4350 itemque
1028 4267 1098 4330 sine
1120 4263 1307 4330 verberibus
1331 4275 1364 4330 et
1386 4289 1421 4332 se

157 4369 244 4432 intra
263 4369 343 4433 fines
367 4367 532 4432 modestia
555 4377 587 4433 et
609 4365 809 4432 verecundia
832 4369 1004 4448 contineat,
1026 4377 1060 4433 et
1083 4367 1327 4454 adaugendum
1349 4369 1421 4434 lite-

158 4493 266 4536 rarum
299 4494 440 4537 amorem
474 4471 727 4558 modestiamque
761 4471 945 4538 sectandam
973 4472 1135 4558 dirigatur.
1191 4470 1226 4537 Si
1255 4471 1421 4559 depositor

159 4595 253 4640 secus
274 4574 398 4655 fecerit,
420 4574 645 4641 admonebitur
666 4598 686 4641 a
707 4575 838 4657 decano,
860 4576 910 4641 sin
933 4575 1037 4641 adhuc
1059 4597 1094 4641 se
1109 4598 1173 4641 non
1192 4576 1419 4656 emendaverit,

159 4697 265 4766 poena
286 4701 305 4748 a
326 4679 517 4750 consistorio
539 4679 709 4772 irroganda
729 4681 927 4746 coercebitur
946 4689 1002 4746 aut
1015 4680 1056 4745 ab
1071 4679 1179 4745 officio
1193 4680 1418 4746 removebitur.
