3520 5616
404 543 445 608 34
788 551 870 608 1655
894 551 940 610 trs
965 549 1204 610 tonatitutioner.

359 740 468 798 autem
491 731 698 798 facultatibus
722 733 941 820 superioribus
963 755 1075 798 omnes
1097 732 1276 802 ordinarios
1299 733 1502 820 professores
1524 734 1625 821 gradu

360 834 505 900 doctoris
529 847 660 902 ornatos
683 859 755 902 esse
778 835 881 903 decet.

446 959 475 1020 2.
518 956 565 1020 Et
587 978 628 1020 ne
651 954 820 1040 theologiae
843 979 880 1021 ac
903 957 1034 1022 aliarum
1058 955 1247 1020 facultatum
1270 955 1426 1022 studiosis
1450 958 1482 1020 in
1506 956 1624 1022 acade-

358 1058 424 1122 mia
447 1057 639 1144 degentibus
663 1057 772 1123 desint
794 1061 973 1125 studiorum
996 1058 1213 1140 incitamenta,
1235 1059 1344 1125 licebit
1365 1059 1509 1124 facultati
1535 1058 1624 1123 theo·

356 1161 469 1248 logicae
497 1185 561 1227 non
591 1172 716 1228 tantum
745 1162 914 1249 theologiae
941 1163 1123 1228 licentiatos
1147 1164 1243 1249 juxta
1271 1162 1415 1229 ordinem
1444 1163 1626 1228 examinum

357 1285 458 1350 supra
485 1263 692 1352 descriptum,
725 1265 782 1331 sed
811 1274 844 1330 et
870 1264 1059 1330 candidatos
1090 1264 1261 1330 declarare.
1307 1265 1386 1332 Illos
1409 1263 1549 1350 quidem,
1571 1266 1626 1351 qui

356 1374 463 1431 totum
490 1367 663 1453 theologici
692 1366 790 1433 studii
818 1390 947 1434 cursum
968 1368 1111 1454 perfecte
1134 1368 1342 1449 absolverint,
1363 1369 1528 1455 graduque
1551 1367 1627 1433 doc-

358 1470 438 1535 toris
461 1470 549 1556 digni
573 1480 661 1535 sunt:
685 1470 744 1535 hos
769 1494 855 1551 vero,
877 1493 959 1557 quos
982 1469 1229 1557 deprehendunt
1250 1493 1288 1536 eo
1311 1493 1413 1558 usque
1435 1494 1626 1558 progressos

358 1595 441 1655 esse,
469 1583 505 1638 ut
536 1577 562 1639 l.
593 1575 626 1638 in
654 1583 747 1639 textu
777 1573 894 1638 biblico
922 1574 1068 1660 originali
1094 1575 1237 1660 genesin,
1264 1574 1406 1659 psalmos
1429 1583 1463 1640 et
1483 1575 1626 1655 Esaiam,

359 1699 418 1742 nec
447 1700 511 1742 non
542 1700 662 1743 novum
685 1686 913 1742 testamentum
936 1700 1001 1743 non
1024 1679 1170 1763 inspecta
1191 1678 1326 1764 alicujus
1349 1679 1560 1744 translatione
1583 1679 1628 1742 la·

357 1782 426 1846 tine
448 1780 586 1847 reddere
609 1780 753 1861 valeant;
776 1785 805 1845 2.
831 1783 974 1868 cujusvis
997 1781 1069 1846 libri
1093 1789 1250 1846 attextus
1267 1782 1434 1869 scripturae
1449 1803 1522 1845 cum
1538 1789 1627 1846 vete-

358 1884 414 1964 ris,
435 1893 506 1948 tum
527 1885 606 1948 novi
627 1885 814 1948 testamenti
830 1882 1045 1950 orthodoxum
1062 1905 1192 1948 sensum
1207 1884 1352 1969 proferre
1367 1883 1496 1972 possint
1501 1907 1510 1964 ;
1531 1885 1560 1948 3.
1577 1905 1628 1948 ca-

359 1987 428 2072 pita
442 1987 607 2072 religionis
624 1987 805 2052 christiana
823 1987 855 2051 in
872 1986 1027 2072 symbolis
1043 1997 1076 2052 et
1091 1987 1295 2051 confessione
1312 1986 1454 2052 ecclesiae
1473 2008 1626 2062 suecanae‚

359 2088 503 2174 locisque
533 2088 724 2174 theologicis
752 2090 993 2176 comprehensa,
1015 2112 1080 2155 non
1103 2088 1199 2154 modo
1222 2090 1254 2153 in
1278 2090 1372 2171 thesi,
1394 2089 1452 2154 sed
1475 2089 1570 2154 etiam
1593 2090 1625 2152 in

359 2193 531 2279 praecipuis
565 2192 805 2274 controversiis,
837 2215 908 2278 quae
936 2191 1033 2258 hodie
1062 2192 1094 2257 in
1118 2192 1446 2279 eoelesiaagitantur,
1469 2214 1625 2257 unacum

358 2295 529 2382 praecipuis
556 2295 684 2360 casibus
714 2297 915 2362 conscientia
939 2304 972 2361 et
993 2296 1127 2361 historia
1148 2317 1239 2361 sacra
1260 2305 1294 2359 et
1315 2295 1540 2376 ecclesiastica,
1562 2318 1628 2360 me-

359 2398 461 2464 diocri
483 2399 683 2486 perfectione
705 2407 844 2464 teneant.
879 2397 961 2476 Hoc,
983 2400 1149 2484 praemisso
1167 2399 1312 2484 diligenti
1329 2400 1475 2464 examine
1491 2399 1628 2485 privato,

358 2525 418 2567 nec
441 2525 505 2566 non
527 2502 655 2590 publica
677 2500 896 2588 disputatione
919 2501 1098 2587 theologica
1120 2501 1180 2566 sub
1201 2501 1362 2588 prasidio,
1384 2503 1513 2589 publico
1527 2503 1627 2566 facul·

359 2608 437 2672 tatis
459 2608 657 2687 testimonio,
678 2606 808 2671 nomine
830 2604 1071 2670 candidatorum
1094 2603 1264 2691 theologia
1287 2629 1402 2672 ornare
1417 2607 1543 2687 licebit;
1559 2608 1628 2672 sine

361 2709 434 2775 ullis
458 2718 565 2774 tamen
589 2708 779 2775 ceremoniis
802 2717 836 2774 et
857 2708 1079 2773 conviviorum
1103 2709 1296 2794 sumptibus.

447 2832 475 2894 3.
518 2828 646 2892 Horum
679 2827 711 2890 in
745 2827 1003 2912 promotionibus
1032 2825 1073 2890 ad
1100 2827 1207 2892 officia
1234 2827 1451 2893 ecclesiastica
1480 2835 1513 2892 et
1535 2827 1627 2891 scho-

360 2931 474 2996 lastica
507 2931 539 2994 in
573 2930 640 2993 suis
673 2927 877 2994 dioecesibus
907 2951 946 2994 ea
972 2928 1120 2994 habenda
1146 2933 1229 2994 ratio
1251 2939 1312 3011 est,
1334 2941 1370 2994 ut
1392 2930 1534 3017 reliquis,
1557 2930 1627 2995 sive

360 3033 507 3120 magistri
527 3033 657 3112 fuerint,
680 3033 750 3096 sive
769 3053 844 3112 non,
865 3032 1087 3118 preferantur,
1111 3033 1140 3096 si
1161 3041 1277 3098 catera
1291 3031 1398 3119 quoad
1415 3032 1626 3121 aptitudinem

358 3136 391 3200 in
415 3136 472 3202 tali
494 3136 602 3202 officio
625 3135 716 3221 paria
737 3134 867 3199 fuerint.

446 3260 475 3320 4.
521 3257 683 3321 Praeterea
705 3253 766 3320 Szae
789 3253 855 3317 Rae
877 3253 952 3317 Mrti
975 3252 1150 3317 clementer
1171 3251 1301 3339 placuit,
1324 3263 1361 3318 ut
1374 3254 1513 3320 studiosi
1528 3255 1628 3320 facul·

360 3359 436 3424 tatis
471 3360 620 3446 primum,
653 3356 771 3422 deinde
799 3366 931 3421 senatus
960 3354 1133 3420 academici
1151 3354 1276 3442 judicio
1298 3365 1332 3421 et
1354 3379 1490 3423 censura
1511 3358 1629 3444 proba·

360 3461 489 3543 tissimi,
516 3469 654 3548 quatuor
681 3458 861 3545 theologiae,
888 3480 971 3522 unus
994 3458 1087 3545 juris,
1108 3481 1190 3522 unus
1212 3459 1388 3541 medicinae,
1406 3484 1464 3526 sex
1486 3460 1628 3547 philoso-

360 3565 445 3652 phiae
473 3589 608 3652 quorum
637 3565 760 3652 primus
788 3563 850 3628 erit
876 3563 1056 3648 linguarum
1083 3563 1296 3649 orientalium,
1320 3564 1481 3630 secundus
1505 3563 1627 3629 mathe-

361 3690 435 3733 seos
465 3678 498 3734 et
524 3669 704 3755 praesertim
731 3667 889 3754 practicae,
916 3666 1032 3730 tertius
1061 3665 1202 3732 historiae
1226 3677 1259 3732 et
1280 3669 1483 3754 antiquitatis
1506 3667 1629 3754 patria,

361 3779 495 3858 quartus
524 3770 705 3857 philologia
733 3778 766 3834 et
788 3769 988 3855 antiquitatis
1013 3778 1161 3850 externae,
1183 3771 1315 3856 quintus
1338 3769 1550 3857 philosophiae
1573 3792 1629 3834 ve-

360 3875 450 3947 teris,
478 3881 589 3938 sextus
618 3872 809 3959 eloquentia
838 3881 872 3936 et
901 3877 1045 3957 poeseos,
1071 3870 1193 3957 duplici
1215 3874 1248 3938 in
1272 3896 1424 3961 suprema
1445 3872 1549 3938 classe
1571 3872 1629 3937 sti·

362 3975 481 4062 pendio
503 3976 660 4058 fruantur,
681 3973 778 4060 idque
793 3975 941 4039 triennio.
976 3972 1103 4039 Horum
1121 3975 1262 4040 officium
1278 3976 1348 4056 erit,
1363 3985 1400 4040 ut
1417 3999 1500 4041 unus
1519 3997 1629 4040 eorum

361 4079 394 4144 in
423 4078 587 4143 facultatis
615 4079 750 4165 collegio
777 4077 905 4164 publica
931 4086 1002 4142 aeta
1030 4077 1208 4164 consignet,
1229 4088 1263 4143 et
1285 4088 1400 4144 caetera
1421 4079 1538 4146 notarii
1560 4101 1631 4144 mu·

361 4204 439 4246 nera
463 4180 602 4247 fideliter
629 4189 833 4267 exsequatur,
862 4189 932 4244 tum
969 4189 1005 4244 ut
1034 4181 1274 4266 professoribus
1306 4183 1470 4269 egregium
1498 4180 1629 4268 aliquod

361 4306 444 4371 opus
469 4284 719 4364 elaborantibus,
741 4306 871 4371 operam
894 4305 983 4349 suam
1006 4282 1151 4370 legendis
1175 4293 1209 4350 et
1222 4285 1426 4350 conferendis
1442 4284 1630 4350 authoribus

361 4385 576 4469 commodent,
599 4397 632 4453 et
653 4387 680 4452 si
703 4385 781 4472 quid
804 4388 891 4473 typis
914 4385 1094 4468 excuditur,
1116 4409 1171 4452 eos
1194 4388 1227 4451 in
1250 4387 1439 4474 corrigendo
1458 4391 1586 4475 juvent.

450 4495 479 4556 5.
524 4491 654 4557 Nemini
680 4490 722 4556 ad
751 4491 912 4577 publicam
934 4491 1169 4578 professionem
1192 4490 1405 4579 theologicam
1428 4493 1546 4572 aditus,
1568 4493 1629 4557 nisi

361 4594 530 4679 theologia
553 4595 727 4676 licentiato,
749 4594 883 4682 patebit.
