3564 5624
517 467 598 525 1655
623 467 669 525 trs
693 466 933 528 lionstitutioner.
1307 467 1347 532 15

217 651 245 713 3.
289 648 489 716 Adseesorcs
524 651 641 737 singuli
673 674 737 716 una
769 675 841 718 cum
868 661 992 718 rectore
1020 677 1078 740 pro
1108 677 1157 740 eo,
1189 677 1253 741 quo
1285 658 1391 723 oonsi-

128 751 231 815 storio
254 752 401 818 obstricti
422 765 507 836 sunt,
524 758 708 841 juramento
732 779 822 822 suam
845 758 1039 822 sententiam
1062 757 1207 839 candide,
1233 771 1343 846 aperte
1359 770 1393 826 et

127 853 276 920 modeste
309 855 426 942 dicent,
460 880 519 922 nec
541 881 577 923 se
600 868 688 923 metu
709 869 765 924 aut
786 861 891 946 gratia
913 883 932 925 5
953 859 1089 926 dicenda
1112 863 1248 928 veritate
1271 864 1393 930 abster-

128 958 195 1022 reri
215 959 386 1043 petientur.
431 961 530 1026 Plura
552 972 658 1028 autem
682 963 835 1050 suffragia
857 964 1055 1030 concludent.

219 1065 248 1126 4.
292 1063 392 1141 Quod
421 1067 448 1128 si
471 1067 525 1129 vel
547 1065 599 1130 hic
622 1067 675 1131 vel
698 1067 760 1132 elio
782 1089 910 1154 quoque
933 1089 1009 1132 casu
1031 1069 1120 1153 paria
1142 1068 1261 1134 fuerint
1279 1069 1393 1135 suffra-

128 1165 193 1250 gia,
220 1176 447 1232 connumerato
474 1170 618 1248 rectoris,
646 1169 807 1234 sententia
838 1172 1076 1256 procancellarii
1100 1173 1242 1259 expetita
1264 1183 1392 1238 contro-

129 1270 272 1333 versiam
294 1269 399 1334 denuo
422 1271 454 1335 in
479 1271 640 1337 ordinario
663 1273 846 1338 consistorii
868 1274 939 1339 loco
962 1275 1159 1360 propositam
1184 1275 1320 1342 decidet.

220 1375 248 1437 5.
293 1373 327 1438 Si
355 1375 427 1460 quis
455 1397 654 1461 supervacuo
684 1398 830 1440 sermone
858 1385 985 1462 tempus
1014 1385 1097 1441 terat
1123 1378 1265 1465 aliosque
1292 1382 1392 1466 impe-

131 1475 210 1557 diat,
245 1499 316 1540 eum
349 1487 455 1542 rector
492 1477 677 1544 admonebit
710 1487 751 1558 et,
779 1479 805 1543 si
829 1502 892 1544 non
916 1480 1121 1565 acquieverit,
1143 1481 1258 1568 perdet
1280 1492 1391 1548 votum

130 1602 226 1644 sarum
249 1581 280 1644 in
304 1603 399 1646 causa
420 1583 594 1668 proposita.

220 1688 248 1749 6.
294 1687 375 1764 Quae
399 1686 430 1751 in
454 1687 646 1752 consistorio
676 1687 763 1751 dicta
789 1686 1028 1774 deliberataque
1059 1688 1190 1753 fuerunt
1211 1692 1331 1755 nemini
1354 1692 1392 1756 li-

130 1799 204 1853 coat
226 1789 258 1852 in
280 1789 425 1854 fraudem
450 1791 582 1878 alicujus
606 1814 646 1856 ex
669 1791 799 1876 collegis
822 1792 875 1855 vel
898 1791 997 1854 totius
1015 1791 1196 1856 consistorii
1212 1795 1271 1858 sub
1288 1817 1390 1880 poena

131 1890 265 1975 perjurii
287 1893 410 1978 legibus
434 1892 565 1960 definita
586 1893 758 1958 eliminare.

222 1996 249 2058 7.
294 1995 399 2060 Nemo
427 2019 467 2060 ex
494 1996 731 2083 professoribus
755 1997 965 2082 patrocinium
988 1999 1143 2084 suscipiet
1167 2022 1285 2079 eorum,
1308 2022 1388 2086 (laios

132 2097 227 2164 novit
251 2098 346 2163 alicui
368 2099 433 2164 vim
456 2110 512 2165 aut
534 2101 680 2187 injuriam
704 2099 859 2164 intulisse.

638 2468 743 2552 Cap.
771 2467 877 2534 VII.

378 2623 428 2686 De
449 2622 562 2686 ordine
576 2622 783 2706 judicimum
805 2629 836 2688 et
856 2623 1140 2708 appellationibus.

219 2813 247 2874 1.
294 2810 434 2875 Primam
457 2812 640 2876 instantiam
664 2813 717 2876 vel
740 2812 827 2876 solus
851 2821 956 2876 rector
977 2811 1040 2893 vel,
1062 2813 1090 2876 si
1113 2834 1195 2898 opus
1219 2813 1325 2885 fauerit.
1341 2837 1391 2879 se-

129 2913 267 2978 cretario
290 2913 434 2978 adhibito
457 2914 596 2979 habebit.

218 3020 246 3079 2.
292 3015 391 3095 Quod
414 3018 441 3080 si
464 3016 515 3080 hic
537 3019 606 3106 sine
630 3013 861 3101 disceptatione
884 3038 934 3080 res
959 3017 1063 3082 decidi
1086 3028 1142 3084 aut
1162 3020 1310 3105 componi
1325 3043 1390 3084 non

127 3121 243 3205 possit,
266 3143 335 3184 eam
358 3119 398 3185 ad
421 3120 646 3184 consistorium
667 3121 720 3185 vcl
743 3119 847 3182 minus
872 3120 923 3183 vel
946 3123 1058 3207 majus,
1081 3145 1139 3208 pro
1165 3145 1267 3187 causae
1285 3126 1390 3211 cujus-

128 3245 191 3310 que
215 3222 410 3302 conditione,
432 3223 584 3286 remittet.

218 3332 246 3392 3.
289 3327 402 3392 Partes
426 3327 519 3413 plene
542 3325 720 3407 audientur,
742 3338 779 3392 ut
800 3328 963 3412 negotium
979 3329 1097 3394 rectius
1113 3331 1261 3415 cognosci
1279 3329 1391 3416 possit,

127 3432 199 3497 sine
225 3441 333 3497 tamen
362 3431 491 3517 prolixo
514 3453 678 3516 processu,
700 3431 762 3495 nisi
785 3430 973 3516 magnitudo
996 3454 1099 3497 causae
1122 3432 1209 3497 aliud
1232 3434 1389 3519 postulet:

127 3543 225 3620 atque
257 3543 325 3598 tum
359 3536 392 3600 in
426 3533 615 3620 capitalibus
642 3533 820 3619 praesertim
851 3535 954 3600 causis
978 3535 1177 3601 consuetudo
1195 3535 1391 3622 judiciorum

125 3637 222 3724 hujus
246 3637 335 3723 regni
358 3638 591 3703 observabitur.

214 3745 243 3806 4.
290 3743 322 3806 A
350 3743 465 3806 minori
495 3743 686 3806 consistorio
714 3740 754 3806 ad
776 3743 878 3829 majus
902 3765 1079 3829 provocare
1102 3743 1219 3824 licebit,
1245 3744 1302 3809 sed
1325 3755 1390 3810 sta-

126 3845 183 3908 tim
209 3868 255 3925 55,
276 3854 313 3909 ut
335 3843 460 3924 dicitur,
482 3853 587 3910 stante
611 3845 703 3931 pede,
723 3846 749 3908 si
767 3867 868 3909 causae
884 3846 1053 3910 aestimatio
1072 3846 1282 3933 quadraginta
1297 3850 1390 3935 quin·

126 3969 190 4031 que
213 3947 352 4012 thaleros
376 3949 559 4027 excesserit,
582 3946 676 4032 idque
703 3946 858 4034 depositis
882 3947 1054 4035 injudicio
1078 3950 1179 4014 tribus
1203 3951 1328 4018 marcis.

216 4054 244 4116 5.
290 4051 321 4114 A
343 4050 455 4138 majori
479 4050 670 4115 consistorio
686 4049 727 4114 ad
747 4073 929 4137 supremum
946 4052 1030 4136 regis
1042 4052 1198 4136 judiciuin
1216 4052 1389 4139 adpellatio

124 4153 330 4236 permittetur
352 4155 385 4216 in
407 4153 510 4218 causis
534 4153 691 4235 civilibus,
715 4153 769 4218 ubi
792 4156 832 4219 lis
855 4162 982 4218 centnm
1006 4155 1146 4218 unciales
1170 4156 1309 4221 thaleros
1334 4181 1389 4222 ex-

124 4257 275 4336 cesserit;
297 4256 394 4343 idque
418 4259 501 4322 intra
524 4257 687 4323 octiduum
712 4267 745 4322 et
761 4258 919 4344 depositis
940 4259 973 4322 in
991 4260 1181 4323 consistorio
1200 4263 1240 4324 20
1262 4265 1386 4327 marcis

213 4363 240 4424 6.
286 4361 332 4424 Et
359 4361 508 4446 quoniam
533 4361 593 4425 Sue
616 4361 683 4426 Rae
707 4362 780 4425 Mzti
805 4362 918 4450 placet,
942 4371 977 4425 ut
1000 4371 1093 4424 certae
1117 4361 1261 4446 quaedam
1286 4387 1389 4430 causae

125 4461 166 4526 ad
189 4465 413 4528 cancellarium
436 4463 605 4529 academiae
629 4465 815 4546 referantur,
838 4466 870 4528 in
894 4465 932 4528 iis
957 4462 1011 4528 illa
1033 4463 1300 4548 observalruntnr,
1317 4491 1387 4554 quae
1455 4490 1457 4502 ’

125 4587 194 4654 cap.
219 4573 246 4636 2.
272 4570 290 4654 5
315 4571 342 4632 5.
367 4569 542 4637 constituta
566 4577 652 4637 sunt.
