3564 5624
576 499 657 562 1655
681 499 726 561 dre
751 497 987 562 konetitullonet.
1349 489 1367 562 ll

153 684 303 750 doctrinae
331 685 480 750 coelestis
504 685 709 771 omniumque
731 685 910 750 liberalium
933 684 1112 750 studiorum
1135 685 1258 750 illustre
1281 685 1412 750 domici-

151 788 236 868 lium,
268 797 401 874 paterne
435 788 571 869 custodi,
606 797 752 854 sustenta
785 799 818 854 et
852 789 1015 876 amplifica.
1069 789 1169 878 Serra
1197 799 1231 854 et
1257 813 1411 876 prospera

150 893 496 978 magnificentissimum
526 895 595 979 ejus
623 893 844 958 cancellarium
874 893 1088 979 perillustrem
1117 892 1281 958 dominum
1301 893 1342 957 N.
1367 894 1408 958 N.

150 995 255 1060 Tuere
278 997 507 1085 amplissimum
530 999 599 1084 ejus
623 997 914 1083 procanoellarium,
928 997 1229 1063 reverendissimum
1246 995 1411 1062 dominum

151 1100 441 1188 archiepiscopum
465 1101 599 1168 benedic
621 1104 773 1168 universo
797 1101 902 1166 ordini
925 1102 1150 1187 laboribusque
1173 1100 1355 1166 docentium
1380 1108 1413 1165 et

151 1203 342 1271 discentium
371 1228 545 1292 omnesque
572 1228 609 1271 ao
632 1206 775 1291 singulos
807 1205 909 1292 dirige
931 1207 964 1269 in
988 1207 1103 1270 semita
1126 1206 1216 1270 verbi
1238 1207 1295 1270 tui.
1330 1205 1411 1270 For-

150 1317 236 1388 tuna,
258 1333 278 1374 o
300 1310 448 1376 coelestis
470 1311 578 1391 Pater,
599 1310 684 1374 bunc
705 1318 898 1375 rectoratum
915 1333 1036 1391 meum3
1052 1319 1169 1396 praesto
1185 1310 1262 1374 mihi
1278 1311 1322 1374 sis
1338 1331 1411 1397 per-

148 1421 248 1501 petuo
275 1415 412 1501 benigna
441 1438 502 1503 ope
530 1437 567 1480 ac
594 1414 769 1480 directione
792 1423 856 1495 tua,
879 1423 915 1479 ut
937 1436 975 1479 ea
997 1423 1122 1480 tantum
1142 1415 1288 1502 cogitem,
1310 1416 1410 1480 susci-

146 1519 232 1605 piam
256 1541 293 1584 ac
314 1519 485 1606 perficiam,
507 1543 577 1606 quae
599 1519 657 1584 tibi
680 1528 770 1606 grata
791 1528 867 1584 sunt
888 1521 1012 1606 totique
1034 1519 1108 1586 huie
1130 1520 1299 1585 academiae
1324 1519 1408 1584 salu-

146 1623 237 1687 taria.
283 1623 336 1688 Da
366 1624 452 1711 piam
482 1623 685 1710 tranquillam
715 1624 875 1710 nullisque
906 1625 1108 1706 tumultibus,
1135 1625 1319 1690 criminibus
1352 1635 1408 1689 ant

148 1727 332 1793 infortuniis
366 1729 539 1794 notabilem
573 1728 892 1794 administrationem.
935 1728 1037 1794 Effice
1071 1737 1108 1793 ut
1141 1729 1173 1793 in
1206 1729 1266 1794 hoc
1297 1728 1408 1814 patriae

148 1830 293 1897 atlrenaeo
323 1832 355 1897 in
378 1833 528 1920 prasenti
551 1841 584 1898 et
606 1833 753 1898 omnibus
777 1833 932 1898 secuturis
957 1833 1154 1920 temporibus
1177 1832 1333 1899 adfinem
1357 1855 1411 1897 us-

148 1958 211 2021 que
241 1937 384 2002 universi
407 1937 537 2025 vigeant
559 1937 756 2024 floreantque
780 1937 885 2003 omnia
907 1938 1070 2002 literarum
1094 1937 1274 2004 divinarum
1297 1948 1329 2003 et
1351 1939 1409 2002 lru-

147 2063 310 2106 manarum
333 2041 450 2122 studia,
481 2042 673 2108 celebrantia
694 2041 805 2107 laudes
828 2053 899 2106 tuas
921 2051 954 2108 et
976 2041 1118 2108 ecclesia
1140 2043 1250 2129 reique
1273 2043 1408 2130 publicae

146 2144 369 2212 conducibilia.
415 2147 554 2234 Protege
586 2147 647 2212 sub
680 2147 792 2213 umbra
824 2148 945 2212 alarum
972 2155 1097 2210 tuarum
1126 2148 1217 2233 regni
1248 2149 1407 2214 exercitus

146 2257 234 2315 terra
261 2251 412 2338 marique,
441 2273 560 2338 eosque
582 2274 640 2338 pro
663 2253 747 2337 regis
770 2251 988 2316 incolumitate
1011 2250 1201 2337 publicaque
1223 2252 1335 2337 patria
1358 2273 1408 2318 sa-

145 2353 213 2420 lute
242 2365 421 2442 pugnantes
449 2379 536 2422 arma
562 2355 752 2421 fortitudine
781 2377 817 2420 ae
845 2354 893 2420 tui
915 2335 1104 2435 foverentia
1136 2355 1251 2440 quibus
1275 2379 1406 2444 prospe-

146 2481 217 2523 rum
245 2482 350 2525 rerum
374 2483 556 2526 successum
579 2460 717 2548 adjunge
739 2469 772 2525 et
796 2461 955 2525 victorias.
1001 2459 1126 2525 Caetera
1146 2482 1274 2546 quoque
1296 2462 1407 2548 patriae

146 2563 179 2627 in
211 2585 288 2650 sago
317 2574 454 2651 togaque
477 2565 627 2652 presidia
649 2575 682 2629 et
703 2565 902 2630 fimramenta
923 2565 1096 2630 clementer
1118 2574 1204 2628 sarta
1225 2573 1311 2630 tecta
1332 2587 1407 2630 con-

146 2689 259 2749 serva;
286 2691 421 2755 arceque
449 2670 490 2735 ab
517 2669 669 2735 universo
691 2691 790 2755 regno
811 2670 939 2746 famem,
962 2677 1097 2756 pestem,
1119 2667 1204 2733 bella
1226 2677 1259 2734 et
1280 2668 1407 2734 invido-

145 2796 218 2838 rum
241 2796 278 2838 ac
300 2773 439 2838 hostium
463 2782 645 2838 nostrorum
669 2773 807 2859 maligna
829 2773 970 2854 consilia,
988 2772 1073 2838 vires
1089 2781 1122 2837 et
1136 2781 1269 2838 conatus
1286 2771 1405 2860 frange.

145 2877 319 2944 Descende
347 2901 366 2942 o
395 2877 494 2944 Dnus
524 2878 720 2942 exercituum
747 2876 790 2942 ad
817 2875 1037 2942 excubandum
1069 2885 1102 2941 et
1123 2875 1323 2942 militandum
1347 2900 1405 2964 pro

145 2981 253 3068 patria
274 2991 384 3047 nostra
406 2993 439 3047 et
461 2991 570 3047 monte
593 2981 699 3047 Sionis
723 2981 754 3046 in
778 3005 832 3062 ea;
855 2983 1006 3046 confirma
1021 2991 1130 3046 vectes
1146 2989 1310 3067 portarum
1327 2985 1406 3069 ejus,

144 3095 182 3150 ut
215 3085 451 3152 confundantur
479 3096 512 3151 et
539 3085 738 3174 dissipentur
759 3086 878 3150 inimici
901 3085 1011 3150 nostri.
1058 3085 1242 3168 Consolare‚
1267 3085 1404 3169 domine,

142 3213 228 3276 quos
251 3191 388 3278 castigas
411 3214 505 3256 manu
528 3200 592 3270 tua,
615 3199 648 3255 et
670 3190 842 3254 clamantes
866 3189 906 3254 ad
928 3200 961 3255 te
985 3189 1121 3274 benigne
1146 3189 1278 3270 exaudi3
1296 3190 1405 3256 habita

141 3293 176 3358 in
207 3293 314 3360 medio
345 3295 457 3376 nostri,
490 3303 623 3382 propter
654 3316 769 3358 nomen
799 3303 890 3358 tuum
923 3295 1094 3358 maximum
1116 3315 1157 3358 ne
1180 3291 1310 3358 deseras
1333 3316 1402 3360 nos.

142 3397 238 3464 Doce
261 3421 320 3464 nos
343 3400 427 3466 viam
450 3408 643 3465 statutorum
665 3408 792 3464 tuorum
815 3406 848 3462 et
870 3397 921 3462 fac
943 3407 979 3462 ut
1002 3397 1032 3462 ei
1055 3397 1237 3462 insistamus
1253 3399 1402 3464 adfinem

142 3524 250 3588 usque
272 3504 348 3568 vitae
371 3513 495 3569 nostrae.
532 3503 664 3590 Optime
688 3524 873 3588 summeque
896 3501 1002 3585 Pater,
1025 3501 1100 3568 fave
1123 3500 1215 3566 nobis
1239 3512 1406 3589 perpetuo,

140 3607 222 3672 fave
250 3608 411 3674 beneficiis
440 3608 472 3672 in
499 3629 559 3672 nos
586 3607 650 3672 tuis
682 3616 715 3672 et
737 3615 922 3671 constanter
944 3615 1034 3671 tuere
1056 3628 1151 3692 qnam
1173 3604 1266 3670 nobis
1288 3606 1401 3694 benig-

139 3711 277 3777 nissime
300 3713 487 3778 concessisti
509 3711 696 3778 felicitatem
718 3733 850 3796 eamque
873 3733 955 3797 auge
977 3733 1036 3796 pro
1059 3718 1192 3797 paterna
1216 3719 1271 3775 tua
1296 3711 1328 3775 in
1343 3734 1402 3777 nos

139 3815 371 3883 benevolentia
398 3838 469 3882 cum
496 3815 567 3881 aliis
599 3815 662 3880 tuis
686 3814 825 3896 dotibus,
848 3823 915 3879 tum
936 3813 1031 3879 beata
1052 3813 1182 3879 tandem
1205 3837 1246 3880 ex
1267 3813 1327 3878 hac
1348 3815 1402 3879 mi·

137 3921 299 3985 seriarum
327 3921 411 3987 valle
444 3921 660 4007 emigratione.
704 3919 882 4006 Postquam
908 3919 942 3984 in
965 3919 1117 3984 coelestia
1138 3928 1194 3983 tua
1214 3939 1274 3983 nos
1296 3922 1403 4009 recipe

137 4025 350 4090 tabernacula
375 4034 558 4112 aternoque
585 4023 742 4112 perfunde
764 4023 890 4111 gaudio.
936 4023 989 4089 Ita
1020 4025 1053 4096 in
1075 4024 1134 4089 hac
1155 4023 1282 4089 mortali
1305 4034 1339 4089 et
1360 4025 1402 4090 al·

136 4137 213 4193 tera
236 4131 429 4216 sempiterna
452 4131 519 4196 vita
541 4129 652 4215 ingens
676 4137 709 4194 et
724 4129 873 4216 perennis
889 4128 981 4194 nobis
998 4128 1060 4193 erit
1073 4127 1206 4194 materia
1221 4128 1403 4194 celebrandi

133 4233 320 4300 bonitatem
343 4243 430 4300 tuam
452 4242 609 4322 perpetua
629 4233 803 4320 gratiarum
825 4233 960 4298 actione.

230 4340 260 4403 6.
303 4337 358 4403 Ad
384 4361 494 4426 preces
523 4338 639 4405 deinde
667 4338 699 4402 in
727 4338 847 4425 temple
870 4338 1003 4403 usitatas
1026 4337 1082 4402 liet
1103 4355 1273 4425 processus
1295 4347 1401 4426 atque,

133 4451 210 4507 tum
240 4451 324 4524 ante,
351 4452 418 4508 tum
445 4452 521 4531 post
542 4463 663 4531 preces,
685 4451 831 4508 cantores
853 4465 938 4509 novo
961 4443 1078 4508 rectori
1100 4450 1257 4507 concentu
1278 4444 1401 4509 musico

133 4547 348 4634 applaudent.
394 4545 497 4612 Totus
520 4557 609 4614 actus
632 4549 716 4613 intra
738 4548 848 4613 horam
870 4547 1025 4613 decimam
1048 4546 1221 4612 claudetur.

232 4653 259 4716 7.
304 4651 457 4718 Precibus
480 4653 576 4718 linitis
599 4652 639 4718 ad
663 4651 792 4740 epulum
814 4661 945 4739 sumptu
967 4650 1094 4717 modico
1114 4652 1145 4716 in
1163 4650 1283 4717 aedibus
1301 4649 1398 4716 creati

133 4757 276 4822 rectoris
304 4757 493 4823 instructum
518 4757 613 4824 solito
636 4779 789 4846 processu
811 4757 912 4826 ibunt,
959 4756 1013 4823 Ad
1035 4756 1097 4821 hoo
1120 4756 1304 4826 convivium
1326 4777 1400 4844 pro·
