3520 5616
383 552 424 614 48
771 553 853 612 1655
875 553 921 611 trs
944 551 1182 612 lonstitutioner.

339 761 376 804 ac
406 736 578 804 necessarii
606 757 677 800 cum
708 745 838 801 senatus
866 734 1038 801 academici
1067 736 1211 816 consilio,
1241 737 1368 823 quoties
1391 759 1473 824 opus
1495 738 1605 819 fuerit,

340 851 501 922 emantur3
523 863 582 906 nec
604 840 725 926 absque
749 841 893 928 ejusdem
916 863 1074 906 consensu
1097 839 1251 929 duplicati
1273 840 1356 920 libri,
1378 842 1494 927 quibus
1508 841 1605 907 bibli·
1721 837 1746 888 '³²

339 947 454 1011 othcca
475 967 583 1012 carere
605 946 719 1031 possit,
741 965 813 1008 cum
835 945 906 1009 aliis
928 953 1152 1030 permutentur
1173 953 1228 1010 aut
1243 944 1432 1010 vendantur.
1467 948 1603 1011 Annuus
1726 952 1730 962 ’

340 1051 436 1116 etiam
457 1050 599 1114 rationes
622 1049 739 1114 rectori
761 1058 795 1112 et
816 1049 942 1113 senatui
964 1047 1144 1114 academico
1167 1048 1343 1114 constituto
1369 1059 1514 1136 tempore
1529 1050 1606 1116 red-
1739 1041 1749 1062 ”

340 1156 425 1236 dam,
447 1164 480 1220 et
502 1153 640 1239 reliquas
664 1153 760 1218 officii
783 1153 845 1218 mci
867 1162 985 1238 partes,
1007 1153 1039 1217 in
1063 1153 1345 1219 constitutionibus
1368 1153 1536 1219 academiae
1551 1154 1606 1218 fu-

340 1261 407 1324 sius
430 1279 610 1344 expressas,
630 1258 779 1343 gnaviter
801 1266 834 1322 et
855 1279 914 1343 pro
937 1256 1021 1322 virili
1044 1257 1150 1322 obibo.
1191 1257 1244 1324 Ita
1266 1281 1317 1323 me
1339 1258 1438 1324 Duus
1460 1257 1605 1345 adjuvet.

563 1446 832 1512 duramentum
856 1446 1102 1510 amanuensis
1125 1446 1388 1512 bibliotheca.

426 1567 497 1654 Ego
520 1567 560 1632 N.
588 1567 629 1635 N.
653 1577 762 1633 sancte
788 1567 950 1653 promitto,
975 1568 1079 1633 mein
1104 1567 1296 1632 demandato
1314 1568 1388 1633 mihi
1405 1568 1509 1632 officio
1524 1568 1606 1633 lide-

341 1674 472 1744 litatem,
497 1695 627 1760 operam
651 1681 683 1735 et
702 1670 891 1736 industriam
907 1670 1047 1736 debitam
1063 1671 1288 1753 adhibiturum,
1304 1672 1474 1737 ordinariis
1489 1672 1605 1738 diebus

342 1787 376 1844 et
403 1776 491 1841 horis
518 1777 550 1840 in
582 1774 776 1841 bibliotheca
807 1774 1000 1854 adfuturum,
1032 1773 1174 1840 sedulam
1201 1775 1354 1840 librorum
1384 1798 1491 1839 curam
1512 1775 1606 1841 habi-

341 1892 458 1962 turum,
492 1903 548 1947 eos
582 1889 669 1946 recto
699 1879 811 1945 ordine
839 1879 916 1943 mihi
945 1902 964 1944 a
991 1879 1230 1945 bibliothecario
1258 1881 1444 1966 praescripto
1467 1879 1604 1966 disposi-

341 1996 458 2065 turum,
492 1995 526 2051 et
558 1985 625 2050 suis
659 1983 810 2068 catalogis
839 1983 892 2047 vel
914 1987 981 2069 jam
1005 1993 1131 2069 emptos
1154 1994 1187 2048 et
1209 1986 1269 2048 rite
1291 1985 1473 2064 collocatos,
1495 1984 1546 2048 vel
1569 1984 1604 2048 in

343 2101 506 2178 posterum
537 2088 690 2153 emendos
721 2098 754 2151 et
781 2109 840 2152 suo
868 2088 939 2152 loco
968 2088 1146 2174 ponendos,
1175 2110 1237 2152 una
1258 2110 1330 2152 cum
1354 2089 1529 2153 rationibus
1551 2111 1606 2152 ac-

342 2196 427 2283 cepti
455 2203 488 2259 et
515 2193 648 2278 expensi
671 2193 704 2256 in
727 2213 821 2256 suum
842 2213 970 2277 quoque
992 2191 1134 2256 codicem
1156 2191 1343 2272 referendis,
1366 2193 1605 2278 inscripturum,

342 2325 379 2366 ac
406 2324 425 2366 a
453 2300 517 2364 situ
546 2308 579 2362 et
605 2297 738 2382 pulvere
767 2305 983 2382 purgaturum.
1027 2296 1108 2380 Illis,
1136 2298 1189 2382 qui
1218 2297 1371 2361 utendum
1395 2307 1451 2362 aut
1472 2298 1605 2384 inspici-

343 2405 462 2470 endum
490 2410 606 2488 petunt
627 2401 743 2466 librum
766 2422 863 2464 unum
887 2411 943 2464 aut
964 2400 1082 2487 plures,
1104 2402 1174 2486 ipsc
1197 2400 1382 2487 depromam
1405 2401 1515 2487 cisque
1538 2410 1605 2466 tra-

344 2510 428 2593 dam,
457 2507 517 2573 sed
538 2505 671 2593 praescio
694 2504 943 2585 bibliothecario,
966 2504 1096 2570 eosdem
1118 2528 1137 2570 a
1159 2505 1302 2591 singulis,
1325 2505 1380 2591 qui
1401 2504 1604 2570 commodato

342 2619 541 2700 acceperunt,
573 2609 729 2696 praefinito
762 2618 907 2694 tempore
940 2617 1081 2695 repetam
1093 2633 1101 2689 ;
1135 2631 1195 2674 nec
1221 2619 1375 2695 quantum
1403 2609 1436 2674 in
1463 2632 1514 2675 me
1544 2618 1606 2690 est,

343 2718 549 2795 committam,
571 2722 608 2778 ut
628 2735 699 2778 mea
721 2713 843 2777 incuria
864 2712 916 2776 vel
939 2712 1032 2798 culpa
1053 2713 1137 2778 ullus
1160 2712 1241 2778 liber
1263 2723 1382 2799 pereat,
1403 2714 1603 2800 surripiatur,

342 2830 398 2886 aut
417 2821 499 2886 male
520 2827 685 2892 tractetur,
709 2816 770 2881 nisi
792 2816 868 2880 inde
890 2819 992 2881 teneri
1015 2817 1121 2881 velim.
1160 2815 1242 2882 Cum
1265 2817 1305 2881 ab
1328 2817 1389 2882 hoc
1412 2817 1517 2882 officio
1537 2816 1606 2882 dis·

344 2946 480 3000 cessem,
504 2925 573 3010 ejus
596 2923 736 2986 rationes
759 2920 898 3006 liquidas
921 2919 1062 2985 reddam.
1108 2919 1161 2985 Ita
1183 2943 1233 2985 me
1255 2920 1354 2986 Dens
1376 2920 1517 3008 adjuvet.

431 3031 490 3096 520.
535 3024 833 3112 Typographiae
862 3033 900 3089 et
927 3023 1168 3111 bibliopolii.

432 3133 459 3195 1.
504 3128 738 3216 Typographiae
769 3137 802 3192 et
822 3126 999 3213 bibliopolii
1022 3127 1201 3194 ordinarius
1224 3128 1386 3215 inspector
1408 3130 1470 3194 erit
1491 3130 1607 3194 biblio-

344 3233 504 3300 thecarius
533 3255 596 3297 una
618 3255 690 3296 cum
712 3232 896 3319 professore
918 3232 1036 3317 aliquo,
1058 3232 1099 3296 ad
1121 3255 1216 3318 quem
1239 3232 1318 3297 ordo
1342 3233 1520 3298 sustinendi
1542 3234 1606 3299 hoc

347 3361 462 3404 munus
485 3337 656 3424 quotannis
679 3336 880 3402 devolvetur.

431 3442 558 3507 Horum
586 3462 701 3504 munus
730 3439 791 3503 erit
820 3443 847 3503 1.
872 3437 1090 3525 typographia
1114 3460 1228 3525 operas
1251 3439 1445 3504 strutiones
1469 3437 1605 3523 dirigere

346 3556 380 3613 ct
412 3546 591 3632 prohibere,
624 3566 664 3608 ne
691 3543 769 3629 quid
799 3543 885 3628 typis
915 3542 1100 3622 excudatur,
1129 3543 1216 3627 quod
1239 3566 1258 3607 a
1280 3543 1400 3608 decano
1423 3551 1480 3608 aut
1501 3543 1606 3606 consi·

346 3653 446 3718 sturio
474 3651 525 3715 vel
554 3648 736 3735 professore
763 3648 869 3733 aliquo
897 3669 959 3712 non
988 3647 1085 3712 fuerit
1112 3648 1333 3733 approbatum,
1356 3647 1442 3733 quod
1464 3648 1548 3711 rixas
1572 3656 1606 3710 et

346 3755 563 3820 dissensiones
597 3753 725 3832 excitet,
757 3761 813 3816 aut
845 3751 1003 3838 publicam
1035 3751 1220 3816 societatem
1248 3761 1282 3816 et
1308 3751 1464 3817 bonorum
1487 3751 1605 3816 lamam

346 3860 450 3926 laedat.
495 3856 594 3936 Quod
624 3858 651 3921 si
680 3855 898 3942 typographus
921 3855 1088 3940 quicquam
1113 3855 1199 3942 typis
1223 3855 1360 3930 excudit,
1383 3855 1469 3942 quod
1493 3853 1604 3919 decani

347 3973 402 4030 aut
423 3962 554 4028 alterius
576 3961 768 4048 professoris
790 3982 886 4024 manu
901 3982 964 4023 non
980 3959 1076 4023 fuerit
1091 3958 1320 4045 subsignatum,
1334 3960 1387 4024 vel
1403 3961 1605 4046 exemplaria,

347 4078 517 4154 antequam
544 4065 672 4152 publice
700 4064 821 4130 fuerint
842 4063 944 4143 affixa,
966 4074 1022 4127 aut
1043 4063 1123 4129 alios
1145 4063 1253 4144 libros,
1275 4064 1327 4129 vel
1349 4073 1456 4150 partes
1479 4062 1604 4127 illorum

348 4173 417 4238 sine
443 4192 603 4237 consensu
631 4168 773 4234 authoris
797 4168 984 4233 distraxerit
1002 4167 1054 4233 vel
1076 4167 1239 4254 sparserit,
1262 4168 1365 4233 tribus
1387 4166 1605 4255 imperialibus

349 4277 400 4342 vel
436 4298 541 4363 poena
572 4273 711 4360 graviori
744 4294 803 4359 pro
831 4273 954 4337 ratione
984 4272 1091 4336 delicti
1114 4272 1279 4358 plectetur.
1325 4276 1354 4336 2.
1379 4271 1414 4337 si
1436 4271 1604 4358 quisquam

349 4380 517 4446 academiae
546 4378 762 4466 jurisdictioni
796 4377 959 4463 subjectus
989 4386 1080 4440 extra
1107 4375 1250 4441 ordinem
1278 4376 1506 4462 professorium
1530 4373 1604 4439 alibi

349 4485 502 4572 scriptum
533 4482 653 4570 aliquid
676 4481 761 4568 typis
784 4482 935 4567 evulgare
961 4479 1109 4561 voluerit,
1131 4480 1165 4545 id
1186 4481 1275 4568 prius
1297 4480 1458 4546 facultatis
1484 4479 1604 4544 decano

350 4591 402 4657 vel
423 4589 608 4676 professori,
629 4586 670 4652 ad
692 4587 782 4672 cujus
804 4584 1037 4672 professionem
1061 4596 1196 4672 spectat,
1219 4587 1395 4668 exhibebit;
1417 4584 1604 4669 delinquens

349 4695 470 4774 eadem,
488 4715 552 4781 qua
573 4691 802 4780 typographus,
825 4691 944 4756 mulcta
965 4688 1129 4775 plectetur.
