3564 5624
794 531 876 590 1655
902 531 947 589 trs
969 529 1209 592 kanstitutioacr.

764 829 811 902 In
841 827 1012 904 nomine
1039 829 1224 905 Domini

645 987 922 1065 Goustitatiouum
945 989 1127 1066 Academia
1149 989 1351 1087 Upsalicueis

920 1255 1026 1339 Cap.
1058 1256 1092 1318 Ι.

568 1411 617 1476 Dc
639 1412 806 1477 academia
828 1413 961 1498 cjasqac
975 1411 1114 1497 jarites
1137 1417 1168 1476 at
1180 1411 1425 1496 jurisdictione.

456 1601 483 1664 1.
529 1598 651 1665 Statuit
679 1569 776 1666 Sacra
802 1601 905 1687 Regia
933 1600 1100 1688 MajestaS,
1127 1623 1168 1664 ne
1195 1598 1273 1686 quid
1302 1599 1389 1664 aliud
1412 1600 1443 1663 iu
1467 1600 1637 1666 academia

372 1701 556 1788 Upsaliensi
578 1703 706 1789 publice
728 1703 943 1790 privatimque
966 1725 985 1767 a
1006 1702 1181 1790 quoquam}
1196 1707 1351 1790 cujusque
1370 1705 1414 1767 sit
1428 1702 1636 1786 conditioniS,

368 1804 522 1869 doceatur
544 1807 596 1871 vel
620 1815 826 1893 proponatur,
846 1829 940 1892 quam
956 1806 1042 1892 quod
1058 1808 1204 1893 congruit
1220 1829 1290 1871 cum
1308 1805 1516 1870 fundamento
1534 1829 1636 1870 sacrm

368 1909 534 1994 scripturae
563 1918 596 1973 et
626 1931 697 1973 cum
720 1910 878 1975 invariata
901 1911 1090 1996 Augustana
1113 1910 1324 1993 confessione,
1348 1933 1419 1994 qaae
1442 1910 1473 1972 in
1497 1909 1635 1973 concilio

371 2011 553 2096 Upsaliensi
563 2035 646 2076 anno
656 2013 1093 2099 millesimoquingentesimo
1104 2012 1309 2098 nonagesimo
1320 2013 1415 2076 tertio
1426 2013 1563 2099 repetita
1573 2021 1634 2077 est.

454 2119 482 2178 2.
527 2114 636 2202 Hujus
665 2115 835 2181 academiae
863 2137 978 2202 corpus
1002 2116 1162 2181 constabit
1184 2123 1321 2202 quatuor
1342 2115 1539 2195 facultatum,
1561 2115 1635 2179 the·

367 2217 489 2303 ologiae,
507 2217 780 2304 jurisprudentiae,
802 2218 967 2284 medicinae
991 2225 1024 2282 ct
1046 2218 1257 2306 philosophiae
1280 2218 1433 2302 collegiis,
1456 2221 1546 2305 cujus
1562 2241 1635 2283 cor-

366 2321 455 2407 poris
483 2329 580 2408 caput
608 2322 652 2386 sit
677 2331 790 2387 rector.
836 2321 912 2386 Huc
942 2321 1107 2407 pertinent
1128 2343 1274 2408 personae
1307 2319 1477 2386 academiae
1499 2323 1633 2408 reliquae

368 2422 543 2489 secundum
566 2424 806 2511 privilegiorum
820 2433 984 2490 tenorem.

455 2532 482 2592 3.
530 2525 688 2614 Ejusdem
706 2528 889 2616 jurisdictio
912 2528 956 2594 sit
978 2527 1131 2592 distincta
1153 2527 1193 2592 ab
1211 2526 1299 2591 urbis
1316 2525 1635 2614 Upsalieusisjuris-

368 2628 517 2695 dictione.

453 2735 482 2796 4.
528 2731 717 2798 durisdiotio
740 2733 796 2798 illa
818 2734 915 2799 sitin
938 2734 1045 2798 omnia
1067 2731 1237 2798 academiae
1253 2732 1395 2797 membra
1410 2738 1517 2816 atquc,
1533 2741 1634 2817 prout

367 2833 473 2898 fusius
503 2834 735 2901 determinatur
761 2837 794 2899 in
825 2837 1003 2924 privilegiis
1034 2836 1204 2900 academiae
1232 2834 1446 2920 Upsaliensis,
1468 2834 1500 2898 in
1525 2835 1632 2899 causis

367 2937 516 3003 civilibus
539 2947 572 3002 et
594 2939 821 3019 criminalibus,
844 2940 878 3004 in
898 2941 1014 3026 quibus
1031 2939 1178 3004 omnibus
1196 2934 1409 3023 dijudicandis
1428 2938 1515 3023 leges
1530 2940 1633 3024 regni,

366 3039 399 3104 in
418 3039 549 3126 judiciis
573 3042 643 3106 aliis
666 3042 802 3122 usitatae,
824 3049 921 3127 atquc
944 3042 1191 3107 constitutiones
1214 3047 1386 3125 sequentes
1410 3039 1632 3106 observandae.

454 3145 482 3207 5.
528 3143 671 3230 Majores
695 3153 801 3210 autem
824 3146 1005 3210 criminales
1029 3167 1151 3222 causas,
1173 3165 1242 3228 quae
1265 3153 1402 3206 mortem
1426 3152 1482 3208 aut
1496 3144 1633 3208 membri

367 3246 619 3331 amputationem
648 3270 705 3313 seu
734 3249 967 3314 mutilationem
995 3269 1106 3335 poenae
1137 3247 1207 3311 loco
1230 3245 1382 3326 inferunt,
1405 3253 1535 3310 senatus
1559 3269 1633 3310 aca-

367 3348 479 3414 demiae
507 3359 688 3436 cognoscet,
711 3350 870 3437 judicabit
897 3359 938 3431 et,
960 3351 1192 3417 communicata
1214 3369 1248 3411 re
1271 3369 1341 3411 oum
1366 3348 1563 3430 cancellario,
1587 3349 1631 3413 ad

366 3475 550 3539 supremam
567 3454 651 3538 regis
665 3452 821 3539 judicium
841 3455 967 3519 referet.
998 3452 1095 3532 Quod
1115 3453 1143 3516 si
1160 3451 1353 3537 supplicium
1372 3452 1460 3516 aSm
1474 3451 1633 3538 RaMae

364 3555 555 3636 remittatur,
579 3556 697 3620 mulcta
718 3557 795 3622 fisco
819 3557 1000 3622 consistorii
1024 3555 1118 3621 cedet
1134 3558 1229 3642 juxta
1251 3554 1422 3620 academiae
1451 3555 1631 3641 privilegia.

452 3659 480 3720 6.
526 3657 629 3721 Laesae
653 3666 759 3722 tamen
783 3659 906 3746 Majztis
930 3659 1050 3723 crimen
1072 3659 1183 3744 Regiae
1205 3658 1388 3745 Majestatis
1405 3660 1580 3745 cognitioni
1597 3671 1634 3726 ct

360 3759 484 3847 judicio
507 3768 700 3826 reservetur.

455 3865 483 3925 7.
528 3863 737 3949 Reliquamm
760 3885 897 3950 quoque,
920 3887 991 3950 quae
1013 3867 1045 3930 in
1069 3866 1156 3930 cives
1180 3864 1379 3929 academicos
1403 3864 1554 3930 constitui
1578 3887 1635 3929 eo-

363 3968 441 4046 lent,
464 3989 640 4052 poenarum
663 3975 794 4031 senatus
818 3966 1018 4032 academicus
1037 3972 1091 4056 jus
1114 3969 1239 4046 habeat,
1263 3979 1300 4033 ut
1322 3977 1398 4034 sunt
1420 3969 1545 4048 mulcta,
1560 3990 1633 4032 oar-

365 4093 427 4148 cer,
455 4069 608 4155 relegatio
636 4070 839 4155 temporaria,
868 4093 939 4156 quae
968 4073 1235 4137 existima-tionem
1258 4073 1382 4150 minuit,
1407 4081 1440 4136 et
1462 4080 1632 4158 perpetua,

364 4195 434 4259 quae
458 4171 594 4238 candem
616 4172 764 4238 absumit.

451 4281 480 4341 8.
526 4277 596 4340 Nec
617 4277 663 4340 ita
687 4277 863 4363 relegatum
889 4279 972 4343 ullus
989 4279 1019 4342 in
1040 4278 1118 4343 urbe
1133 4278 1275 4364 hospitio
1294 4277 1434 4362 excipiat
1449 4284 1504 4341 aut
1519 4285 1637 4343 contra

365 4379 550 4444 mandatum
574 4378 744 4444 academiae
767 4380 832 4445 ullo
855 4379 951 4444 modo
970 4390 1107 4460 tueatur,
1126 4380 1186 4444 sub
1201 4403 1306 4467 poena
1321 4380 1531 4466 quadraginta
1545 4405 1636 4446 mar-

365 4504 472 4545 carum
500 4482 580 4544 fisco
610 4484 792 4548 consistorii
815 4483 1063 4564 inferendarum,
1091 4484 1147 4549 sed
1175 4484 1335 4568 usquein
1362 4484 1492 4568 reliquis
1516 4485 1633 4570 Regiae

364 4585 547 4671 Majestatis
571 4584 741 4650 academiis
764 4587 837 4650 talis
859 4589 1039 4672 recipiatur,
1062 4610 1121 4651 nec
1143 4587 1217 4651 alibi
1241 4587 1272 4650 in
1297 4587 1399 4672 patria
1421 4587 1461 4650 ad
1485 4587 1634 4654 officium

364 4687 500 4760 docendi
525 4687 721 4766 admittatur,
746 4691 898 4780 quamdiu
921 4699 1048 4778 tempus
1071 4690 1275 4778 relegationis
1299 4689 1471 4754 duraverit.
