3520 5616
412 547 453 611 32
618 527 623 538 .
803 549 885 608 1655
908 547 954 607 dra
977 548 1213 609 loratitutlouer.

367 753 428 797 nec
451 751 589 816 unquam
613 751 684 793 mea
705 737 821 816 sponte
844 750 962 795 avaro
984 737 1116 794 rectove
1138 728 1298 795 declinare
1320 731 1353 795 in
1368 732 1556 817 cujusquam
1573 739 1630 796 aut

367 835 502 921 gratiam
532 841 588 898 aut
615 832 736 910 odium,
763 854 824 897 nec
850 833 963 897 malam
986 832 1141 918 cujusque
1163 853 1291 898 causam
1314 834 1407 914 tueri,
1429 842 1463 900 et
1483 854 1628 920 quasque

367 938 445 1002 alias
468 935 689 1021 corruptiones
710 935 832 1019 fugere,
853 933 927 998 lites
950 956 1014 999 non
1036 933 1172 1015 trahere,
1194 935 1253 1002 sed
1275 936 1444 1002 bonafide
1466 945 1629 1002 muscast

366 1039 495 1124 negotia
518 1035 596 1103 mihi
620 1037 791 1101 commissa
812 1045 958 1103 tractare.
1002 1037 1056 1101 Ita
1077 1059 1127 1104 me
1149 1038 1250 1104 Dans
1272 1039 1413 1127 adjuvet.

718 1242 988 1308 duramentum
1018 1243 1265 1310 medicorum.

451 1381 524 1468 Ego
546 1379 586 1445 N.
609 1380 650 1445 N.
674 1390 784 1445 sancte
805 1382 969 1468 promitto,
991 1405 1042 1447 me
1064 1383 1148 1448 velle
1169 1383 1202 1447 in
1226 1405 1304 1449 vera
1325 1381 1398 1462 lide,
1413 1381 1510 1446 sacris
1528 1381 1629 1466 scrip

366 1486 445 1549 turis
469 1484 639 1571 patefacta,
663 1490 696 1547 et
718 1484 859 1549 ecclesiae
881 1484 1044 1570 symbolis,
1064 1487 1252 1572 apostolico,
1268 1487 1399 1567 nioaeno,
1420 1484 1628 1551 athanasiana

365 1588 507 1653 breviter
521 1610 683 1674 expressa,
705 1609 742 1651 ac
763 1587 796 1650 in
819 1587 977 1651 invariata
999 1587 1202 1654 confessione
1225 1590 1417 1674 Augustana
1439 1597 1472 1653 et
1494 1587 1628 1674 Upsali-

366 1690 435 1755 ensi
470 1690 604 1755 concilio
639 1698 673 1755 et
706 1688 836 1755 decreto
864 1696 1003 1774 recepta,
1032 1700 1217 1757 constanter
1242 1691 1407 1780 usquead
1430 1691 1525 1755 finem
1550 1691 1627 1754 vitae

366 1815 591 1879 perseverare;
613 1794 645 1857 in
669 1789 827 1856 tradenda
848 1814 975 1878 quoquc
999 1801 1067 1856 arte
1090 1792 1222 1875 medica,
1244 1804 1425 1860 aveterum
1440 1793 1628 1879 praecripto

367 1905 399 1960 et
431 1895 607 1961 recentium
640 1894 939 1982 probatissimorum
969 1892 1171 1970 medicorum,
1193 1897 1348 1962 institutis
1377 1904 1411 1961 ct
1441 1904 1571 1980 recepta
1592 1915 1630 1958 ac

365 2000 462 2085 longo
485 2008 631 2085 tempore
653 1999 789 2085 probata
811 1995 962 2062 medendi
985 1999 1108 2062 ratione
1132 2020 1195 2062 non
1219 2008 1339 2064 temere
1362 1997 1539 2079 discedere,
1554 2021 1629 2064 ean-

366 2102 439 2167 dem
476 2123 603 2187 quoque
637 2101 793 2166 rationem
827 2102 860 2164 in
897 2099 1081 2165 morborum
1110 2103 1274 2166 curatione
1303 2103 1428 2185 sectari,
1451 2103 1573 2168 incerta
1596 2109 1629 2168 et

365 2205 546 2292 periculosa
566 2225 630 2268 non
653 2202 815 2283 adhibere,
837 2200 896 2267 sed
918 2225 956 2266 ea
978 2202 1091 2282 solum,
1113 2225 1183 2289 quae
1206 2227 1301 2291 quam
1318 2205 1455 2270 maxime
1472 2227 1628 2291 aegrorum

365 2307 495 2373 sanitati
518 2305 696 2371 conducere
718 2305 903 2391 intelligam.
948 2303 989 2368 In
1011 2306 1198 2391 periculosis
1222 2307 1341 2372 morbis
1365 2316 1399 2371 ct
1420 2307 1548 2372 casibus
1571 2306 1629 2372 ali-

365 2433 455 2477 orum
479 2408 675 2474 medicorum
696 2409 831 2473 consilia
853 2407 998 2474 studiose
1021 2409 1203 2496 exquirere:
1221 2409 1340 2475 auxilia
1356 2431 1484 2496 quoque
1500 2411 1527 2474 si
1544 2432 1628 2495 aeger

364 2513 496 2600 flagitet,
516 2535 581 2578 non
604 2510 791 2592 detrectare,
813 2511 1007 2576 occrrltorum
1031 2513 1214 2578 morborum
1237 2513 1452 2599 publicatione
1468 2513 1629 2576 neminem

365 2617 517 2703 affligere,
544 2615 602 2682 sed
626 2616 659 2681 in
682 2617 769 2681 omni
790 2615 886 2680 officii
908 2613 971 2680 m'ei
995 2616 1146 2681 exercitio
1169 2616 1203 2681 id
1226 2639 1330 2703 agere,
1354 2615 1442 2702 qnod
1465 2615 1628 2699 honestas,

366 2721 481 2808 pietas,
505 2741 594 2785 amor
624 2719 762 2805 proximi
790 2728 823 2784 et
845 2717 1018 2783 christiana
1040 2718 1169 2784 dilectio
1192 2719 1336 2807 requirit,
1359 2718 1535 2784 secundum
1559 2740 1629 2782 mo-

365 2823 442 2887 dum
464 2821 631 2887 industria
654 2842 741 2887 meaa.
786 2820 840 2886 Ita
861 2843 913 2887 me
934 2821 1035 2886 Deus
1059 2819 1199 2907 adjuvet.

672 3027 946 3093 duramentum
973 3027 1313 3117 philosophorum.

450 3169 522 3256 Ego
544 3168 586 3233 N.
608 3168 648 3234 N.
671 3175 780 3232 sancte
803 3166 966 3252 promitto,
988 3187 1039 3230 me
1061 3165 1144 3231 velle
1167 3166 1199 3230 in
1223 3187 1300 3231 vera
1321 3165 1393 3246 fide,
1415 3166 1513 3231 saeris
1529 3167 1628 3254 scrip-

364 3274 445 3338 turis
469 3272 637 3359 patefacta,
659 3279 693 3336 et
715 3269 857 3336 ecclesias
880 3269 1043 3354 symbolis,
1064 3269 1250 3356 apostolico,
1272 3269 1628 3353 demonstrandam

363 3376 505 3441 breviter
538 3394 699 3459 expressa,
721 3394 759 3436 ac
786 3372 819 3436 in
846 3371 1004 3436 invariata
1026 3372 1227 3438 confessione
1251 3372 1442 3458 Argustana
1464 3381 1497 3437 et
1519 3371 1628 3460 Upsa-

364 3477 459 3544 hensi
492 3477 626 3542 concilio
654 3484 687 3539 et
716 3473 845 3540 decreto
874 3481 1014 3559 recepta,
1037 3483 1222 3539 constanter
1243 3495 1346 3562 usque
1368 3475 1409 3539 ad
1431 3476 1526 3540 finem
1551 3479 1627 3545 vitae

364 3603 590 3669 perseverarc;
623 3579 655 3643 in
691 3577 868 3664 disciplinis
901 3575 1066 3642 tradendis
1102 3578 1346 3664 perplexitatem
1374 3601 1500 3644 omnem
1529 3591 1627 3668 atque

366 3689 496 3753 inutiles
518 3685 614 3748 tricas
639 3683 750 3762 vitare,
772 3691 909 3747 tractare
932 3702 1010 3746 vero
1034 3703 1072 3745 ea
1093 3683 1263 3768 praecipue,
1285 3705 1355 3769 quae
1370 3684 1403 3747 in
1420 3683 1626 3749 facrrltatibus

366 3791 489 3856 caeteris
519 3797 552 3853 et
574 3789 643 3852 vita
664 3786 824 3852 communi
846 3807 940 3850 usum
963 3785 1135 3848 maximum
1159 3785 1286 3866 habent,
1311 3796 1344 3852 et
1365 3787 1512 3874 inprimis
1534 3788 1566 3852 in
1590 3811 1627 3854 ea

365 3895 526 3973 facultate,
555 3892 588 3955 in
619 3913 683 3978 qua
705 3889 746 3954 ad
770 3890 955 3954 ulteriorem
977 3889 1211 3974 promotionem
1235 3890 1374 3977 adspir0,
1397 3892 1541 3978 publicas
1565 3891 1629 3956 lec-

365 4001 472 4065 tiones
495 3996 666 4082 diligenter
687 3995 902 4079 lirequentare,
926 3991 1028 4056 donec
1050 3993 1083 4056 in
1105 3992 1164 4058 hac
1188 3995 1239 4059 vel
1262 3995 1324 4059 alia
1346 3993 1510 4060 academia
1532 3995 1628 4061 adid

276 4135 279 4142 ¹
366 4101 565 4167 occasionem
587 4096 738 4161 habuero.
784 4094 838 4161 Ita
860 4116 911 4159 me
933 4094 1033 4160 Dans
1056 4094 1197 4182 adjuvet.

451 4201 538 4266 Hinc
565 4200 726 4265 licentiam
753 4198 938 4286 impetrabit
960 4220 979 4262 a
1001 4200 1199 4282 cancellario,
1222 4199 1250 4264 si
1273 4221 1415 4286 presens
1439 4201 1547 4284 fuerit,
1570 4210 1627 4266 aut

365 4329 384 4372 a
411 4304 658 4394 procanoellario
687 4301 816 4366 creandi
845 4301 1014 4388 magistros
1047 4303 1099 4367 vel
1122 4301 1279 4384 doctoreS,
1302 4325 1396 4390 quam
1421 4304 1627 4370 cancellarius

366 4418 423 4476 aut
444 4411 513 4496 ejus
535 4406 666 4472 nomine
689 4404 954 4492 procancellarius
976 4406 1153 4492 promotori
1177 4406 1361 4486 solenniter,
1383 4407 1533 4472 audiente
1556 4417 1627 4473 toto

366 4511 534 4589 auditorio,
561 4509 748 4594 indulgebit.
794 4509 904 4596 Atque
934 4518 1000 4573 tum
1029 4508 1167 4595 denique
1190 4519 1365 4597 promotor,
1387 4509 1540 4577 adhibitis
1562 4515 1628 4578 usi-

368 4617 444 4683 tatis
478 4614 676 4695 ceremoniis,
708 4613 885 4700 insignibus
915 4621 949 4677 et
974 4614 1161 4699 privilegiis,
1183 4615 1230 4678 eis
1253 4637 1311 4700 pro
1335 4615 1541 4696 authoritate,
1564 4639 1628 4702 qua

366 4719 520 4806 fungitur,
554 4717 688 4803 gradum
722 4718 864 4784 conferet
893 4719 944 4782 vel
976 4718 1199 4803 magistrorum
1230 4719 1283 4784 vel
1307 4717 1485 4785 doctorum.
1529 4720 1626 4798 Qua·
