3520 5616
387 526 427 588 52
767 531 848 590 1655
873 531 919 590 frs
943 532 1181 591 konstitutiouer.

342 711 546 796 relegationis
569 734 706 798 poenam
728 713 895 795 incidisse;
918 715 946 780 si
968 723 1065 780 noctu
1088 718 1140 782 vel
1160 717 1300 784 interdiu
1315 719 1524 786 bombardam
1538 723 1611 808 pul-

344 839 419 880 vere
442 816 534 902 pyrio
557 817 660 882 solum
682 827 845 884 oneratam
862 819 1047 905 exploserit,
1065 823 1201 887 carceris
1216 845 1320 909 poena
1337 823 1504 910 plectatur,
1517 825 1610 891 bom-

344 917 443 984 barda
464 922 581 986 rectori
604 921 705 988 cedat.

431 1029 480 1090 24.
523 1025 716 1113 Quicunque
751 1029 833 1094 ultra
863 1029 974 1095 horam
1001 1053 1117 1094 nonam
1148 1031 1179 1094 in
1201 1053 1348 1118 caupona
1371 1032 1533 1098 desederit
1554 1043 1612 1098 aut

345 1129 499 1194 clamores
531 1139 705 1196 nocturnos
733 1133 786 1198 vel
815 1133 947 1198 diurnos
975 1135 1095 1200 aliasve
1117 1136 1334 1221 grassationes
1358 1139 1537 1203 exercuerit
1558 1161 1610 1203 se-

346 1233 484 1298 cundum
509 1236 664 1320 peculiare
684 1236 854 1302 academice
877 1239 1059 1303 institutum
1084 1239 1251 1325 plectetur.
1290 1240 1512 1328 Cauponarius
1533 1251 1611 1328 post

344 1360 460 1402 nonam
495 1339 605 1404 vinum
639 1339 690 1404 vel
719 1342 907 1406 cerevisiam
935 1342 1078 1407 vendens
1106 1366 1126 1407 a
1151 1345 1338 1430 magistratu
1362 1346 1483 1410 urbano
1505 1369 1611 1433 poena

347 1442 523 1508 secundum
545 1444 648 1530 legem
672 1444 804 1510 eandem
828 1447 995 1512 afficietur.

433 1551 483 1612 25.
530 1548 565 1613 Si
592 1549 648 1634 qui
676 1548 867 1635 deprehensi
891 1551 1012 1616 fuerint
1042 1555 1206 1638 personati
1227 1562 1435 1639 grassatores,
1457 1556 1512 1640 qui
1534 1578 1611 1620 noc-

346 1661 458 1716 turnos
474 1674 663 1737 congressus
680 1662 797 1738 cogunt
814 1654 866 1718 vel
884 1656 923 1719 iis
939 1656 1109 1735 intersunt,
1123 1657 1349 1743 relegabuntur
1364 1658 1394 1722 in
1407 1669 1608 1745 perpetuum.

434 1759 483 1820 26.
531 1757 683 1822 Gladium
708 1758 849 1823 interdiu
871 1760 1074 1826 circumferre
1097 1761 1300 1827 interdictum
1322 1764 1378 1828 sit:
1402 1764 1456 1850 qui
1473 1763 1609 1828 eundern

347 1868 492 1947 tempore
526 1884 716 1948 quocunque
750 1872 870 1928 temere
899 1866 1074 1946 strinxerit,
1100 1867 1162 1931 nisi
1190 1877 1301 1954 aperta
1328 1868 1360 1933 vi
1383 1867 1551 1953 impetitus
1574 1869 1609 1942 id

346 1963 466 2044 fecerit,
489 1964 576 2029 illum
600 1965 733 2032 amittet.

435 2070 485 2133 27.
530 2068 596 2144 Qui
620 2067 727 2134 duello
750 2069 929 2134 conflixerit
952 2079 1015 2136 tam
1038 2095 1226 2158 provocans,
1242 2097 1336 2159 quam
1352 2082 1545 2161 provocatus
1561 2095 1611 2138 re-

349 2170 513 2255 legabitur.
551 2171 681 2256 Quique
711 2173 843 2237 alterum
868 2175 1102 2258 provocaverit,
1124 2175 1247 2240 etiamsi
1271 2199 1334 2241 non
1356 2187 1509 2264 sequatur
1530 2200 1608 2241 con·

347 2273 460 2353 flictuS,
483 2273 593 2339 eadem
619 2299 722 2360 poena
744 2277 908 2362 plectetur.
1313 2300 1316 2306 ¹

434 2383 482 2443 28.
529 2378 656 2444 Nullius
680 2403 785 2446 mores
808 2383 975 2467 quisquam
998 2382 1127 2447 infamia
1150 2391 1250 2464 notet,
1272 2407 1331 2448 nec
1352 2385 1454 2450 bonos
1471 2393 1503 2450 et
1517 2385 1611 2449 inno-

347 2491 455 2546 centes
483 2483 565 2574 lictis
593 2484 787 2564 criminibus,
815 2485 1052 2572 sycophanticis
1085 2487 1250 2552 calumniis
1275 2489 1326 2553 vel
1344 2488 1460 2553 libellis
1480 2489 1610 2554 famosis

348 2589 473 2652 laceret.
519 2588 558 2652 In
593 2599 846 2674 transgressores
880 2589 1107 2675 deprehensos,
1142 2591 1254 2656 infami
1285 2592 1468 2658 exclusione
1497 2616 1514 2658 e
1541 2601 1611 2656 tota

347 2690 514 2756 academiae
538 2693 690 2756 societate
714 2703 747 2758 et
769 2694 809 2758 ab
832 2695 917 2758 omni
941 2694 973 2757 in
990 2695 1093 2780 patria
1109 2695 1214 2761 officio
1230 2696 1445 2782 prohibitione
1459 2697 1608 2782 graviter.

349 2794 631 2860 animadvertetur.

435 2903 485 2964 29.
531 2899 669 2964 Discant
698 2922 775 2964 vero
798 2901 935 2966 studiosi
959 2901 1188 2984 adolescentes,
1211 2925 1270 2968 nec
1292 2903 1429 2988 superbe
1451 2905 1503 2969 vel
1525 2927 1613 2970 arro-

346 3011 468 3088 ganter,
497 3026 556 3068 nec
584 3003 677 3068 nimis
706 3003 829 3090 abjecte
856 3005 897 3069 de
929 3029 963 3071 se
986 3007 1106 3071 sentire
1128 3006 1233 3092 deque
1255 3009 1407 3093 praesenti
1428 3007 1611 3093 reipublicae

348 3115 444 3184 statu,
472 3106 556 3171 unde
585 3108 772 3194 frequenter
799 3109 945 3173 oriuntur
972 3109 1012 3174 de
1042 3110 1138 3175 rebus
1163 3110 1260 3174 variis
1283 3111 1488 3196 querimouiae
1511 3121 1545 3176 et
1567 3113 1611 3176 la-

348 3212 570 3290 mentationes,
603 3221 782 3276 exterarum
817 3235 922 3277 rerum
956 3212 1134 3290 admiratio,
1169 3213 1353 3299 desperatio
1386 3214 1427 3280 de
1456 3215 1551 3280 rebus
1579 3223 1612 3279 et

347 3314 526 3380 actionibus
551 3315 719 3400 praeclaris,
741 3339 889 3400 magnum
913 3318 943 3381 in
967 3318 1149 3403 reipublicae
1172 3317 1450 3382 administratione
1471 3319 1608 3406 impedi-

348 3427 500 3484 mentum.
544 3420 627 3497 Quae
654 3420 760 3484 omnia
790 3419 979 3485 educatione
1007 3432 1040 3486 et
1067 3421 1292 3486 informatione
1315 3421 1504 3507 corrigenda
1526 3430 1611 3501 sunt,

349 3533 384 3586 ut
407 3523 569 3608 erigantur
592 3533 713 3588 mature
732 3528 890 3611 juvenum
911 3526 1008 3590 animi
1030 3525 1070 3590 ad
1094 3549 1184 3612 spem
1210 3526 1373 3590 meliorem
1396 3536 1430 3591 et
1444 3527 1610 3613 praeclaras

349 3627 491 3691 actiones
497 3652 506 3707 3
529 3627 584 3691 ubi
607 3629 703 3692 etiam
726 3629 894 3714 singularis
918 3639 1150 3716 praeceptorum
1173 3629 1331 3694 industria
1353 3631 1534 3716 requiritur.

437 3735 486 3796 30.
533 3731 758 3797 Studiosorum
787 3734 906 3798 nemini
929 3733 968 3798 ad
993 3744 1119 3799 exteras
1141 3735 1287 3799 nationes
1310 3745 1343 3799 et
1364 3734 1542 3800 academias
1565 3736 1611 3800 ire

347 3837 464 3912 licebit,
487 3837 548 3901 nisi
574 3837 629 3923 qui
652 3837 825 3902 secundum
850 3839 924 3902 vitae
940 3861 1005 3902 suae
1021 3838 1204 3902 institutum
1220 3839 1406 3904 necessariae
1423 3838 1611 3904 eruditionis

348 3941 501 4028 partibuS,
535 3941 665 4005 omnino
700 3965 777 4007 vero
807 3943 989 4027 cognitione
1017 3942 1223 4006 articulorum
1251 3941 1325 4008 fidei
1346 3943 1379 4007 in
1402 3943 1556 4030 symbolis
1579 3955 1613 4010 et

348 4044 549 4109 confessione
578 4046 711 4110 suecica
743 4047 883 4110 ecclesiae
912 4047 1118 4131 locorumque
1146 4046 1397 4131 theologicorum
1426 4057 1555 4113 auctore
1578 4051 1610 4113 in

348 4148 510 4214 academia
532 4159 661 4235 recepto
685 4150 888 4216 mediocriter
910 4152 1085 4216 instructus
1109 4151 1218 4230 fuerit,
1235 4151 1447 4237 profectuque
1463 4174 1522 4216 suo
1538 4174 1611 4238 pro-

348 4252 524 4317 fessoribus
552 4253 697 4340 probatu,
725 4256 943 4320 testimonium
969 4255 1101 4320 rectoris
1125 4263 1158 4319 et
1179 4254 1371 4320 decanorum
1395 4255 1610 4342 infrequenti

348 4365 462 4423 senatu
486 4359 652 4422 recitatum
676 4361 907 4444 impetraverit.

432 4463 481 4526 31.
529 4462 563 4524 ln
587 4464 772 4527 universum
795 4472 902 4528 autem
924 4463 964 4528 ab
987 4462 1169 4528 academica
1191 4463 1346 4528 societate
1370 4487 1474 4548 nemo,
1497 4467 1552 4551 qui
1575 4465 1606 4530 in

345 4565 450 4653 patria
472 4576 504 4630 et
527 4589 598 4630 cum
621 4567 731 4652 primis
755 4565 955 4632 dioecesibus
980 4567 1162 4656 promoveri
1185 4567 1282 4658 cupit,
1301 4568 1423 4660 absque
1438 4569 1608 4636 academia

346 4669 478 4737 rectoris
500 4671 687 4743 testimonio
710 4671 861 4745 discedet.
