3520 5616
593 557 676 616 1655
699 557 744 614 irs
770 557 1004 616 loustitntioner.
1326 555 1367 618 47

103 731 183 815 jure
225 742 271 798 et
313 737 479 804 medicina
500 737 563 804 illis
593 749 825 826 proponuntur,
851 739 896 804 ita
923 739 1043 806 debent
1069 763 1140 806 esse
1163 751 1354 828 comparata,
1377 755 1413 808 nt

107 838 287 904 omnibus
320 841 479 928 prodesse
502 844 636 930 possint.
672 847 700 908 3.
722 843 928 931 Inspectores
951 844 983 910 bi
1007 844 1167 932 stipendia
1189 867 1317 933 quoque
1340 869 1414 934 pro-

104 942 302 1010 curabunt
331 947 477 1012 alumnis.
1351 940 1352 944 Ἰ

203 1051 242 1113 3.
306 1049 393 1116 Hac
421 1073 548 1138 quoque
571 1052 730 1137 inspectio
753 1054 815 1118 erit
836 1074 940 1118 annua
963 1061 995 1118 et
1017 1051 1059 1118 ad
1081 1075 1193 1118 omnes
1216 1053 1414 1142 professores

103 1148 331 1220 ordinarios
355 1155 539 1234 ambulabit,
568 1154 680 1221 ordine
703 1155 936 1243 progrediendo
958 1179 979 1222 a
999 1157 1177 1224 senioribus
1200 1157 1242 1222 ad
1259 1159 1413 1244 juniores.

204 1296 291 1360 420.
344 1294 626 1360 Bibliotheca.

210 1419 250 1480 1.
312 1417 581 1482 Bibliotheearius
605 1415 798 1503 providebit,
821 1426 856 1481 ut
877 1417 1071 1483 bibliotheca
1091 1419 1273 1484 necessaria
1289 1419 1414 1484 utilium

0 1596 1 1609 χ
103 1517 303 1584 librorum
332 1521 532 1607 supellectile
559 1520 735 1585 instruatur
762 1529 794 1586 et
816 1522 986 1606 quotannis
1010 1530 1172 1608 augeatur,
1195 1524 1415 1588 instrumentis

106 1621 384 1690 mathematicis
412 1633 445 1690 et
471 1624 690 1711 geographicis
720 1625 836 1690 tabulis
865 1635 1046 1704 exornetur,
1075 1635 1109 1692 et
1134 1628 1296 1714 catalogus
1316 1629 1414 1694 libro-

0 1794 1 1799 ,
105 1747 190 1790 rum
232 1739 358 1794 sartos
386 1738 491 1795 tectus
518 1738 654 1804 maneat,
683 1751 741 1794 neo
768 1730 840 1796 libri
869 1730 1024 1796 studiosis
1046 1733 1231 1820 petentibus
1254 1745 1346 1800 extra
1367 1735 1415 1798 bi-

108 1830 319 1898 bliotheoae
342 1834 454 1898 limina
477 1835 709 1919 permittantur.

217 1940 259 2000 2.
312 1937 430 2003 Libros
454 1937 607 2024 singulos,
630 1935 804 2002 secundum
827 1937 1066 2024 disciplinarum
1089 1941 1214 2022 seriem,
1228 1942 1289 2006 rite
1304 1941 1414 2030 dispo-

110 2049 189 2119 net,
233 2064 260 2105 a
300 2043 366 2107 situ
399 2051 433 2107 et
465 2042 598 2130 pulvere
632 2064 729 2130 puros
757 2042 915 2123 servabit3
947 2051 980 2107 et
1009 2065 1073 2108 non
1101 2044 1204 2110 solum
1232 2047 1411 2131 generalem

0 2154 2 2252 p
113 2145 295 2209 omnium
330 2146 493 2218 librorum.
528 2146 585 2212 sed
620 2147 714 2212 etiam
744 2146 912 2232 specialem
947 2147 1140 2232 singularum
1172 2148 1357 2214 facultatum
1382 2161 1415 2216 et

114 2247 393 2336 disciplinarum
416 2252 596 2338 catalogum
614 2252 705 2337 justo
728 2249 840 2315 ordine
859 2250 1067 2336 consignabit.

3 2423 4 2434 χ
227 2359 266 2420 3.
316 2353 525 2434 Quibuslibet
547 2353 659 2420 diebus
682 2353 835 2418 Mercurii
859 2363 891 2419 et
913 2351 1043 2419 Saturni
1063 2354 1222 2422 ordinarie
1244 2357 1277 2422 in
1299 2358 1413 2425 biblio-

1 2446 4 2541 ιζ
117 2457 237 2524 theca
266 2458 373 2524 aderit
395 2458 434 2525 ab
457 2460 535 2524 hora
557 2459 659 2545 prima
680 2459 713 2522 in
738 2467 893 2544 quartam,
908 2467 944 2522 ut
959 2481 997 2524 eo
1013 2468 1157 2546 tempore
1173 2470 1299 2548 promat
1313 2462 1412 2527 libros

4 2600 5 2620 t
120 2559 159 2625 in
200 2563 289 2628 loco
324 2562 525 2629 bibliothecas
558 2585 614 2628 eos
647 2563 812 2628 consulere
842 2571 898 2626 aut
919 2563 1025 2648 legere
1048 2563 1314 2632 desiderantibus.
1359 2566 1413 2631 Ad

121 2663 226 2731 hanc
254 2689 388 2754 operam
411 2666 597 2732 conceditur
618 2666 860 2732 bibliothecario
882 2689 964 2731 unus
987 2670 1201 2738 amanuensis.

232 2777 269 2838 4.
316 2771 383 2849 Qui
413 2771 531 2837 librum
563 2771 702 2856 aliquem
734 2770 935 2835 commodato
957 2770 1081 2859 accipit,
1105 2773 1276 2838 rationario
1300 2774 1414 2840 biblio-

125 2871 252 2940 thecae
277 2897 394 2941 nomen
417 2875 579 2955 inscribet,
594 2875 688 2940 simul
703 2875 797 2939 etiam
814 2873 909 2955 diem,
919 2897 983 2961 quo
996 2875 1131 2942 eundem
1143 2879 1313 2945 restituere
1324 2880 1412 2945 velit.

238 2983 270 3044 5.
316 2979 383 3058 Qui
411 2980 495 3045 ultra
523 2979 642 3044 dietum
670 2979 884 3044 restitutionis
914 2979 997 3045 diem
1026 2980 1107 3046 libro
1129 2992 1261 3070 accepto
1283 2984 1415 3070 indiget,

129 3085 327 3149 conveniet
348 3083 621 3150 bibliothecarium
643 3085 675 3147 iu
699 3083 900 3163 bibliotheca,
922 3092 956 3149 et
977 3082 1082 3150 denuo
1102 3087 1170 3172 pari
1187 3086 1282 3152 modo
1298 3109 1413 3152 nomen

132 3195 173 3250 et
199 3187 295 3252 diem
319 3188 534 3273 consignabit;
556 3210 651 3274 quam
673 3186 714 3252 ad
736 3209 804 3252 rem
825 3187 994 3275 peculiaris
1017 3188 1119 3253 codex
1145 3183 1194 3256 est
1215 3191 1391 3258 habendus.

239 3294 271 3356 6,
316 3292 383 3370 Qui
404 3292 520 3357 librum
542 3292 604 3357 sibi
625 3290 778 3357 traditum
794 3313 982 3377 quacunque
996 3294 1119 3358 ratione
1135 3297 1320 3382 corruperit,
1335 3297 1413 3362 illae-

135 3417 222 3462 sum
257 3396 354 3462 alium
387 3397 474 3462 nullo
508 3396 604 3462 modo
638 3395 829 3461 deteriorem
862 3396 1020 3476 restituet,
1052 3395 1129 3462 alias
1158 3399 1295 3484 pretium
1328 3400 1413 3466 illius

136 3500 255 3588 duplo
278 3501 392 3566 solvet.

244 3606 271 3670 7.
317 3604 489 3669 Admissus
511 3602 638 3669 visendi
660 3625 756 3668 causa
778 3604 947 3669 comitatus
963 3603 1013 3668 sui
1028 3603 1237 3689 appendicem
1254 3617 1287 3672 et
1304 3607 1414 3674 indoc-

138 3717 219 3774 tam
244 3707 370 3774 turbam
393 3708 502 3774 limine
524 3707 652 3774 arcebit.

242 3816 271 3880 8.
314 3811 581 3879 Bibliothecarius
609 3813 765 3878 rationem
792 3810 913 3897 accepti
944 3821 977 3876 et
1004 3813 1138 3899 expensi
1165 3815 1280 3880 reddet
1301 3815 1415 3880 eodem

143 3927 312 4005 tempore,
336 3941 399 4004 quo
422 3926 563 4004 quaestor
583 3917 618 3984 id
638 3917 744 3982 facere
759 3924 900 3981 tenetur:
919 3915 1024 3980 officio
1039 3925 1146 3983 autem
1161 3918 1415 4000 renunciaturos,

145 4023 318 4110 perfectos
350 4024 511 4109 catalogos
539 4020 715 4088 successori
737 4019 853 4098 tradet,
875 4020 1079 4107 subsignatos
1102 4045 1121 4087 a
1142 4031 1265 4088 rectore
1288 4031 1322 4087 et
1343 4023 1414 4110 plu-

146 4128 255 4209 ribus,
277 4149 358 4214 quos
381 4127 606 4193 consistorium
628 4127 669 4190 ad
692 4123 870 4190 habendam
892 4125 1046 4190 rationem
1070 4125 1234 4213 delegerit

487 4348 752 4416 duramentum
775 4347 1083 4414 bibliothecarii.

244 4489 316 4574 Ego
337 4487 379 4553 N.
402 4487 443 4552 N.
468 4499 576 4554 sancte
598 4489 761 4575 polliceor,
782 4508 834 4551 me
857 4509 895 4552 ea
917 4487 1109 4572 integritate,
1132 4487 1195 4553 fide
1210 4497 1244 4554 et
1258 4490 1415 4557 industria

155 4595 192 4660 in
223 4593 330 4659 officio
352 4613 424 4657 meo
446 4601 656 4674 versaturum,
683 4615 746 4679 qua
767 4613 826 4678 par
847 4599 898 4656 est
920 4599 953 4654 et
974 4591 1126 4656 convenit
1147 4615 1225 4658 vero
1248 4595 1416 4661 bibliot-he-

155 4700 254 4778 cario,
276 4706 310 4763 et
331 4703 523 4775 curaturum,
545 4704 582 4761 ut
595 4718 705 4762 omnes
720 4697 794 4762 libri
809 4695 945 4762 fideliter
959 4706 1174 4779 asserventur,
1188 4699 1304 4786 aliique
1320 4699 1414 4763 utiles
