3520 5616
546 587 627 644 1655
652 587 699 644 tra
722 587 964 646 konatitutiouer.
1338 586 1380 646 49

196 765 283 827 320.
357 767 403 832 Ut
435 766 641 853 bibliopolam
675 777 707 832 et
736 769 962 854 bibliopegum,
990 769 1052 834 nisi
1082 769 1114 833 id
1143 792 1201 855 per
1232 793 1266 834 se
1294 771 1422 846 faciant,

95 879 254 950 cogant,
308 879 358 933 ut
390 870 488 935 libros
523 870 678 936 studiosis
706 880 740 935 et
768 871 936 936 academiae
966 872 1060 936 utiles
1093 895 1184 959 aequo
1216 885 1249 939 et
1270 897 1288 939 a
1310 886 1424 941 senatu

94 968 341 1037 academico
364 973 542 1059 approbato
565 976 671 1060 pretio
690 974 833 1040 vendant
854 998 890 1040 ae
913 978 1127 1062 compingant.

199 1078 291 1140 4:0.
354 1075 457 1140 Iidem
480 1077 646 1158 videbunt,
669 1101 709 1143 ne
732 1078 888 1144 studiosis
912 1088 945 1145 et
967 1079 1064 1166 vulgo
1087 1079 1254 1164 vendatur,
1278 1083 1424 1168 quod'sit

95 1176 133 1240 in
174 1176 333 1243 Deum
369 1189 402 1245 et
435 1182 622 1267 religionem
655 1182 858 1248 christianam
894 1183 1125 1269 blasphemum,
1148 1185 1200 1249 vel
1223 1187 1255 1250 in
1279 1187 1423 1252 homines

96 1283 437 1365 contumeliosum,
459 1295 515 1350 aut
536 1285 623 1371 quod
647 1288 797 1373 prasenti
819 1288 909 1372 regni
932 1289 1029 1352 statui
1053 1298 1174 1353 noceat

208 1390 298 1451 520.
355 1387 542 1475 Catalogum
565 1390 718 1456 librorum
742 1414 760 1456 a
783 1391 958 1478 bibliopola
979 1401 1145 1477 acceptum
1166 1393 1356 1458 consistorio
1373 1418 1425 1458 ex-

100 1488 326 1573 hibebunt,
351 1493 391 1556 ad
414 1495 552 1579 pretium
574 1494 728 1558 librorum
750 1517 807 1560 seu
830 1498 1026 1560 taxationem
1051 1497 1302 1562 examinandam.

639 1875 746 1958 cap.
769 1875 952 1940 xxm.

481 2031 531 2094 De
553 2031 621 2096 cito
643 2031 842 2095 stratoribus
864 2033 1096 2097 studiosomcm.

237 2225 277 2285 1.
327 2221 436 2286 Pietas
465 2222 506 2287 ab
534 2221 681 2287 omnibus
703 2223 822 2286 nostris
846 2223 1000 2287 studiosis
1024 2232 1057 2287 et
1079 2223 1203 2289 civibus
1227 2224 1358 2302 colatur,
1380 2245 1429 2286 re-

122 2322 223 2408 ligio
272 2347 353 2390 vera
386 2324 537 2406 discatur,
567 2327 667 2391 biblia
695 2324 839 2411 quotidie
879 2349 969 2391 mane
999 2335 1031 2391 et
1054 2328 1183 2413 vesperi
1204 2328 1365 2413 legantur3
1388 2326 1428 2390 ad

128 2427 318 2494 honorem
342 2428 415 2509 Dei,
437 2429 477 2494 ad
501 2429 751 2494 incolumitatem
774 2428 869 2517 hujus
891 2431 980 2518 regni
996 2433 1105 2496 onmia
1119 2431 1225 2496 studia
1241 2431 1427 2495 referantur.

241 2537 279 2597 2.
328 2533 433 2598 Nemo
467 2556 581 2598 nomen
611 2533 675 2599 Dei
698 2557 780 2600 vane
810 2544 953 2622 usurpet,
980 2545 1036 2600 aut
1063 2538 1172 2622 pravis
1200 2534 1429 2621 cupiditatibus

135 2645 332 2722 proetexat,
366 2639 545 2724 epicuream
579 2639 783 2704 securitatem
813 2648 846 2705 et
873 2641 1134 2727 superstit-ionem
1161 2641 1297 2726 quisque
1320 2640 1431 2724 fugiat,

137 2752 344 2829 caveatque
367 2743 525 2808 scandalis
548 2743 701 2808 doctrinae
725 2752 758 2809 et
773 2767 896 2810 morum
913 2745 1020 2809 studia
1038 2768 1096 2809 sua
1111 2745 1290 2810 deformare
1296 2768 1304 2825 3
1320 2753 1431 2808 contra

140 2845 299 2927 faciens,
332 2847 393 2912 nisi
428 2856 503 2933 post
538 2848 788 2913 admonitionem
821 2872 856 2914 se
885 2849 1113 2929 emendaverit,
1140 2848 1344 2934 relegabitur,
1376 2857 1432 2912 aut

145 2952 244 3016 alias
265 2954 361 3038 juxta
383 2952 470 3037 leges
494 2953 653 3038 punietur.

254 3059 284 3120 3.
330 3055 512 3123 Veritatem
536 3057 567 3120 in
592 3056 740 3122 omnibus
763 3056 942 3121 christiana
965 3055 1116 3121 doctrinae
1140 3057 1284 3143 partibus
1308 3055 1433 3121 discen-

150 3157 223 3240 dis,
254 3161 289 3223 in
312 3159 460 3225 omnibus
483 3159 585 3224 literis
608 3171 641 3225 et
663 3161 785 3225 artibus
808 3170 904 3246 atque
927 3159 1105 3246 disciplinis
1128 3161 1281 3239 colendis,
1303 3161 1334 3224 in
1358 3182 1433 3224 oon-

150 3263 334 3343 tractibus,
357 3264 389 3327 in
413 3286 569 3344 sermone,
592 3265 623 3328 in
646 3275 750 3349 gestu,
772 3266 804 3327 in
829 3286 908 3328 voce
932 3275 965 3329 et
979 3265 1130 3340 moribus,
1146 3267 1177 3328 in
1189 3261 1320 3351 judiciis
1336 3274 1433 3349 atque

154 3369 318 3433 amicitiis
342 3368 476 3454 quilibet
499 3378 584 3432 amet
607 3379 639 3432 et
662 3377 845 3432 constanter
867 3369 1086 3455 amplectatur.
1133 3367 1313 3450 Mendacia,
1336 3367 1432 3432 falsas

154 3473 339 3559 opiniones
367 3472 399 3536 in
428 3472 573 3537 doctrina
600 3472 772 3537 christiana
800 3481 833 3536 et
860 3472 981 3537 artibus
1005 3474 1079 3538 vitae
1103 3473 1300 3551 necessariis
1323 3495 1434 3538 omnes

158 3578 354 3656 calumnias,
383 3577 642 3659 obtrectationes
666 3576 820 3656 convicia,
843 3578 1027 3658 vanitatem,
1050 3576 1223 3663 perfidiam,
1247 3575 1350 3657 dolosi,
1367 3580 1436 3664 jac-

159 3683 316 3760 tantiam,
349 3682 570 3746 simulationes
604 3683 635 3745 in
673 3680 777 3760 dictis,
805 3681 899 3746 factis
920 3690 953 3746 ct
974 3682 1129 3768 gestibus,
1151 3692 1302 3767 tanquam
1327 3705 1434 3746 orcum

161 3787 297 3873 fugiant
320 3793 353 3850 et
376 3795 591 3850 exsecrentur.
1439 3855 1441 3863 Α

258 3894 287 3953 4.
334 3888 467 3954 Publica
489 3911 579 3953 sacra
601 3911 695 3954 nemo
718 3889 867 3976 negligat,
891 3913 1000 3954 ornnes
1023 3888 1090 3954 ludi
1114 3903 1147 3955 et
1163 3890 1436 3956 obambulationes

167 4015 189 4059 a
220 3995 320 4058 sacris
354 3992 549 4058 abducentes
582 3993 844 4058 intermittantur.
890 3993 956 4071 Qui
985 3992 1098 4058 diebus
1126 3993 1293 4058 dominicis
1317 4005 1350 4060 et
1372 3996 1437 4082 pri-

169 4099 282 4162 mariis
317 4097 409 4162 festis
444 4097 504 4161 sub
537 4097 689 4162 concione
718 4120 808 4161 sacra
834 4119 893 4182 per
924 4098 1046 4183 plateas
1070 4107 1103 4162 et
1125 4098 1290 4183 proximos
1313 4099 1437 4163 civitati

170 4223 305 4287 campos
328 4201 506 4266 discurrere
529 4199 822 4287 deprehenduntur,
845 4223 970 4265 carcere
993 4202 1174 4286 punientur.

260 4304 383 4370 Eadem
418 4328 523 4392 poena
552 4307 574 4370 ii
602 4305 792 4392 plectentur,
827 4304 882 4389 qui
909 4304 969 4369 sub
1000 4306 1098 4370 sacris
1121 4306 1153 4368 in
1177 4304 1308 4391 templo,
1331 4306 1440 4370 confa-

172 4409 402 4489 bulationibus,
424 4409 554 4495 ineptiis
578 4421 611 4474 et
633 4409 778 4495 strepitu,
801 4431 836 4473 se
860 4408 1004 4495 aliosque
1019 4431 1037 4473 a
1053 4409 1161 4474 debita
1176 4407 1348 4475 devotione
1364 4433 1440 4475 avo-

175 4523 258 4593 cant,
281 4513 342 4577 nisi
366 4512 521 4577 admoniti
545 4536 580 4578 se
604 4513 853 4578 emendaverint.

265 4621 292 4682 5.
341 4615 570 4703 Unusquisque
595 4641 652 4683 vas
675 4628 708 4682 et
730 4638 846 4702 corpus
870 4639 973 4697 suum,
995 4615 1082 4703 quod
1105 4627 1156 4681 est
1177 4617 1317 4704 Spiritus
1333 4617 1440 4682 Sancti

178 4721 383 4800 domicilium,
405 4721 572 4808 possideat
594 4724 624 4786 in
649 4721 899 4787 sanctificatione
919 4730 952 4786 et
973 4721 1104 4802 honore,
1124 4745 1183 4786 nec
1198 4745 1233 4787 se
1252 4723 1373 4810 polluat
1388 4745 1443 4786 va-

270 4845 318 4884 lttt
332 4840 366 4885 ars
379 4842 553 4886 tonatitutiunar.
1359 4844 1376 4894 4
