3564 5624
412 575 432 640 8
790 579 871 639 1655
896 578 941 639 irs
966 579 1203 640 lonstitutioner.

371 785 495 829 summa
513 784 584 827 cum
600 763 806 828 veneratione
821 763 983 828 immensa
999 763 1175 850 majestatis
1190 773 1253 829 tuae
1268 766 1493 846 convertimus,
1510 767 1632 852 gratias

369 868 499 932 infinitae
530 876 593 932 tua
625 867 761 932 bonitati
793 877 934 954 agentes,
966 877 1102 954 quantas
1129 877 1235 934 mente
1264 869 1431 956 concipere
1454 871 1629 956 verbisque

369 972 547 1060 exprimere
574 972 727 1036 maximas
755 994 938 1060 possumus,
969 995 1028 1060 pro
1061 973 1209 1038 omnibus
1233 972 1350 1038 divinis
1374 975 1437 1038 tuis
1461 975 1635 1054 beneficiis,

369 1099 440 1163 quae
462 1078 495 1142 in
518 1099 577 1141 nos
600 1078 764 1142 innumera
788 1085 822 1142 ct
842 1077 938 1162 longe
960 1079 1107 1157 maxima,
1129 1100 1169 1142 ex
1192 1078 1261 1142 sola
1283 1077 1437 1144 immensa
1458 1087 1514 1143 tua
1528 1080 1634 1164 gratia

369 1191 402 1247 et
423 1181 670 1270 philanthropia,
693 1182 789 1247 nullis
812 1182 931 1246 nostris
955 1190 1148 1268 provocatus
1176 1182 1298 1248 meritis
1323 1182 1450 1248 abunde
1466 1183 1631 1248 contulisti

369 1295 402 1351 ct
429 1287 533 1352 adhuc
560 1286 687 1351 confers
717 1284 871 1373 quotidie.
926 1285 1079 1373 Inprimis
1110 1285 1198 1372 quod
1225 1287 1361 1375 patriam
1389 1295 1531 1352 nostram
1559 1287 1633 1351 illu-

334 1437 337 1444 ·
368 1400 470 1458 strare
501 1391 608 1479 pergis
630 1391 756 1477 fulgore
778 1390 954 1478 incorrupti
988 1390 1078 1456 verbi
1105 1389 1152 1455 tui
1176 1392 1310 1478 ejusque
1341 1413 1420 1478 puro
1450 1391 1630 1456 ministerio

367 1497 534 1563 ecclesiam
560 1495 620 1562 tibi
650 1495 736 1582 apud
764 1517 823 1560 nos
852 1495 975 1580 colligis
1004 1502 1038 1559 et
1059 1515 1241 1580 conservas,
1265 1495 1429 1561 salutifera
1450 1497 1498 1560 tui
1521 1495 1631 1580 cogni-

367 1602 454 1667 tione
478 1610 511 1667 et
532 1601 619 1666 cultu
641 1599 846 1686 conspicuam
868 1600 1118 1685 coelestiumque
1139 1608 1266 1664 tuorum
1291 1601 1445 1665 bonorum
1461 1599 1631 1679 haeredem,

367 1707 517 1794 quodque
544 1705 639 1792 hujus
668 1703 779 1791 patria
808 1712 924 1768 nostrae
957 1725 1139 1790 supremum
1163 1713 1293 1791 postte
1315 1704 1559 1783 moderatorem,
1582 1725 1631 1768 sc·

366 1812 571 1878 renissimum
593 1831 630 1874 ac
652 1808 911 1895 potentissimum
935 1808 1112 1895 principem
1134 1830 1171 1872 ac
1193 1807 1630 1892 dominum‚dn.CAR01.unt

367 1917 575 1995 Gusravon,
603 1935 710 1999 regern
738 1920 883 1977 nostrum
907 1912 1199 1993 clementissimum,
1221 1935 1294 1976 cum
1316 1913 1520 1978 serenissima
1540 1913 1630 2000 prin-

366 2021 438 2109 cipe
460 2042 498 2084 ac
520 2018 658 2098 domina,
681 2017 745 2081 dna
766 2016 937 2082 Hanvlcn
959 2016 1164 2097 Ennomon,
1186 2019 1297 2103 regina
1311 2015 1423 2082 itidem
1440 2025 1550 2082 nostra
1565 2017 1629 2081 cle-

366 2123 573 2203 mentissima,
595 2121 703 2188 salvos
725 2120 879 2186 hactenus
903 2130 935 2185 et
959 2120 1133 2186 incolumes
1150 2122 1296 2201 servasti,
1310 2129 1343 2186 te
1359 2131 1487 2200 aetcme‚
1505 2143 1628 2186 summe

365 2252 402 2294 ac
425 2229 593 2293 mitissime
614 2225 722 2306 Daca,
744 2225 842 2290 Pater
864 2224 986 2290 domini
1008 2247 1045 2289 ac
1067 2225 1237 2292 salvatoris
1252 2225 1354 2290 nostri
1369 2225 1457 2290 Jnsu
1472 2225 1628 2303 (luuram,

366 2331 596 2399 ardentissimis
624 2330 730 2394 cordis
752 2329 924 2416 gemitibus
948 2351 1074 2394 oramus
1098 2339 1131 2394 et
1153 2330 1361 2410 obtestamur,
1384 2339 1420 2394 ut
1441 2329 1628 2395 condonatis

365 2448 498 2527 propter
531 2434 668 2502 eundem
704 2435 900 2520 unigenitum
935 2435 1034 2499 lilium
1063 2442 1151 2498 tuum
1182 2457 1218 2498 ac
1246 2434 1454 2499 mediatorem
1482 2442 1628 2499 nostrum

365 2544 493 2610 unicum
521 2541 669 2606 omnibus
692 2541 811 2604 nostris
835 2539 983 2625 pcccatis,
1007 2536 1159 2625 deinceps
1182 2561 1309 2626 quoque
1332 2562 1391 2605 nos
1414 2548 1548 2626 paterna
1569 2548 1627 2602 tua

364 2648 467 2735 gratia
495 2655 528 2712 et
558 2643 767 2712 beneficentia
793 2643 945 2730 prosequi
975 2641 1116 2730 digneris
1148 2665 1308 2730 quamque
1335 2643 1421 2730 apud
1449 2667 1509 2708 nos
1536 2646 1628 2731 plan-

366 2753 442 2818 tasti
466 2751 641 2830 ecclesiam,
670 2758 827 2836 perpetuo
850 2769 1048 2814 conservare.
1095 2747 1237 2832 Intuere,
1265 2748 1406 2814 cDaUs
1429 2749 1626 2814 exercituum

365 2856 502 2924 ecoelis
533 2864 568 2920 ct
597 2855 720 2940 respice
748 2875 784 2918 ao
815 2852 911 2918 visita
938 2853 1038 2918 vitem
1066 2852 1157 2933 hano,
1184 2875 1279 2939 qnam
1307 2853 1466 2940 plantavit
1492 2853 1626 2919 dextera

365 2972 428 3030 tua.
475 2962 559 3024 Arce
591 2966 625 3023 et
655 2957 788 3045 profliga
818 2957 915 3036 furca,
948 2979 1017 3022 eam
1045 2979 1176 3043 carpere
1204 2966 1237 3021 et
1259 2959 1443 3022 conculcare
1464 2968 1626 3024 conantes

365 3068 514 3152 Protegc,
537 3063 611 3130 fave
634 3085 671 3127 ac
691 3062 808 3127 robora
822 3061 1053 3148 amplissimum
1068 3061 1129 3126 boc
1144 3061 1311 3127 Suecicum
1326 3062 1503 3150 imperium,
1518 3086 1629 3150 quem-

363 3195 426 3259 que
456 3171 486 3237 ei
514 3166 694 3256 prafecisti,
727 3166 880 3230 vicarium
909 3173 1009 3246 tuum,
1036 3188 1142 3252 regem
1166 3176 1311 3231 nostrum
1334 3167 1625 3245 clementissimum,

364 3282 489 3363 patrem
511 3271 623 3360 patriae
646 3271 804 3357 optimum
826 3293 897 3335 cum
920 3270 1169 3336 clementissima
1190 3270 1302 3356 regina
1323 3271 1363 3336 ab
1379 3271 1527 3337 omnibus
1541 3272 1628 3358 peri-

364 3381 444 3445 culis
472 3385 506 3444 et
532 3372 742 3441 incommodis
774 3384 862 3439 tutos
886 3383 1044 3461 perpetuo
1067 3383 1100 3440 ct
1122 3375 1278 3440 immunes
1302 3385 1420 3461 praesta
1441 3376 1627 3462 cunctisque

364 3483 470 3564 animi,
492 3480 644 3568 corporis,
666 3480 804 3566 conjugii
828 3487 861 3544 ct
882 3478 1084 3544 fortunarum
1106 3477 1295 3565 expetendis
1319 3479 1411 3544 bonis
1434 3502 1471 3544 ae
1494 3480 1625 3547 dotibus

364 3609 450 3670 orna,
485 3584 611 3650 cumula
643 3592 677 3649 ct
709 3582 873 3669 amplifica.
916 3582 978 3664 Da,
1010 3605 1030 3648 c
1057 3583 1136 3648 coeli
1165 3597 1320 3669 terraeque
1348 3606 1404 3648 rex
1427 3607 1464 3648 ac
1486 3583 1626 3665 dominc,

364 3714 459 3758 servo
486 3698 543 3755 tuo
567 3689 635 3774 regi
656 3697 768 3753 nostro
796 3686 937 3751 animum
968 3687 1146 3774 sapientem
1169 3709 1205 3752 ac
1222 3687 1455 3773 intelligentem
1478 3687 1519 3753 ad
1536 3687 1625 3774 judi·

364 3794 500 3862 candum
528 3793 613 3858 inter
635 3792 755 3858 bonum
778 3799 811 3857 ct
833 3791 960 3856 malum.
1005 3791 1135 3856 Instruc
1158 3814 1194 3857 ac
1216 3792 1305 3857 muni
1327 3813 1400 3857 eum
1424 3793 1554 3879 pictate,
1572 3795 1626 3879 ju·

363 3901 452 3966 stitia
483 3907 517 3964 et
549 3897 748 3979 fortitudine,
782 3895 937 3982 inclytum
966 3893 1064 3961 redde
1093 3917 1250 3982 prospero
1279 3904 1454 3983 optatoque
1483 3897 1624 3962 omnium

363 4004 569 4070 consiliorum
591 4001 814 4086 actionumque
837 4021 989 4065 successu
1011 4021 1048 4064 ae
1070 4008 1189 4065 eventu
1212 4008 1245 4065 et
1266 4000 1381 4086 largire
1408 4000 1626 4066 florentissimi

362 4133 399 4174 ac
421 4107 543 4196 pacifici
570 4106 697 4193 imperii
724 4104 976 4170 diuturnitatem.
1022 4103 1125 4170 Serva
1151 4105 1380 4191 benignissime
1408 4105 1625 4192 perillustrem

363 4221 396 4278 et
417 4212 650 4299 amplissimum
671 4209 761 4296 regni
785 4218 968 4274 senatorum
991 4208 1146 4276 ordinem.
1183 4208 1287 4296 Imple
1309 4231 1346 4274 ac
1368 4209 1470 4296 dirige
1485 4233 1541 4276 eos
1557 4211 1625 4298 spi-

361 4317 425 4382 ritu
448 4316 614 4404 sapientia
636 4337 673 4380 ac
696 4314 818 4379 timoris
841 4314 890 4378 tui
912 4337 949 4378 ac
972 4313 1095 4401 inspira
1110 4313 1243 4380 consilia
1258 4313 1336 4400 regi,
1351 4336 1450 4401 regno
1464 4313 1624 4401 nobisque

362 4421 509 4486 omnibus
532 4420 691 4486 salutaria.
737 4417 868 4505 Sospita
890 4440 927 4482 ac
949 4427 1040 4484 tuere
1062 4426 1193 4482 cunctos
1214 4419 1303 4504 regni
1326 4417 1466 4500 ordines,
1484 4417 1623 4485 accende

361 4525 396 4589 in
424 4525 470 4590 eis
498 4533 532 4590 et
557 4525 633 4592 fove
662 4524 750 4611 pium
779 4530 813 4588 et
834 4531 1026 4610 perpetuum
1051 4521 1195 4587 studium
1218 4522 1286 4587 veri
1309 4524 1414 4589 cultus
1442 4524 1500 4610 tui,
1522 4523 1624 4588 fideli·

361 4629 437 4695 tatis
466 4637 500 4694 ct
526 4629 672 4714 obsequii
700 4649 775 4714 erga
806 4649 923 4712 regem,
946 4627 1062 4691 amoris
1086 4635 1119 4691 et
1141 4625 1318 4692 concordia
1341 4638 1472 4693 mutuae.
1517 4627 1624 4713 Regni

360 4755 489 4822 quoque
512 4733 653 4797 officinas
671 4732 827 4797 literarias
842 4731 986 4818 hancque
1002 4729 1158 4817 imprimis
1176 4729 1400 4817 Upsalicnaem
1419 4731 1624 4814 academiam,
