3564 5624
569 514 651 574 1655
674 516 720 574 trs
744 517 979 576 lonstitutioner.
1328 513 1369 576 25

150 693 270 758 multus
304 702 338 759 et
363 696 476 761 noxias
503 698 717 787 pausantium
744 700 926 766 molitiones
949 697 1136 784 impediant,
1167 698 1413 764 clementissime

150 821 170 862 a
193 797 248 864 S:a
268 799 330 864 liza
350 800 432 864 Mrte
454 800 613 868 indultum
633 814 692 885 est,
715 815 752 870 ut
774 827 850 871 suos
873 803 1024 890 quaelibet
1041 801 1225 890 jurisdictio
1249 803 1363 888 vigiles
1380 813 1414 868 et

150 924 244 967 sunm
266 905 431 990 proprium
453 905 571 972 habeat
586 907 781 994 praefectum.
814 907 913 988 Quod
929 908 956 972 si
972 908 1177 994 magistratus
1192 907 1320 972 urbicus
1336 929 1412 972 suos

150 1006 228 1072 dare
256 1009 443 1094 neglexerit,
470 1011 641 1097 prefectus
668 1014 749 1078 arcis
777 1012 987 1098 compellatus
1009 1011 1172 1077 tenebitur
1193 1010 1323 1076 eosdem
1347 1012 1414 1076 exi-

149 1133 236 1196 gere,
269 1121 365 1199 atque
398 1123 436 1178 ut
463 1117 593 1181 omnino
617 1116 781 1198 sistantur,
803 1115 1003 1203 compellere.
1048 1116 1212 1181 Numerus
1233 1123 1341 1181 autem
1364 1117 1413 1182 vi-

149 1215 250 1301 gilum
273 1217 423 1304 utrinque
446 1219 572 1285 senario
594 1243 659 1285 non
682 1221 744 1286 erit
766 1221 878 1287 minor.

237 1323 265 1384 2.
310 1320 362 1386 Ne
394 1320 472 1408 quid
505 1345 583 1390 vero
616 1323 658 1388 ad
691 1325 815 1390 subitos
845 1331 878 1390 et
904 1323 1054 1410 inopinos
1082 1345 1175 1388 casus
1197 1331 1316 1388 mutua
1339 1323 1411 1409 opis

150 1421 361 1508 desideretur,
389 1449 454 1491 una
480 1435 514 1492 et
536 1429 712 1493 communis
733 1429 899 1514 utriusque
921 1427 1047 1514 generis
1070 1427 1291 1493 excubitorum
1314 1427 1411 1492 statio

149 1528 212 1593 erit
238 1529 271 1592 in
298 1529 369 1595 foro
396 1552 482 1597 novo
511 1535 645 1619 majore;
678 1533 732 1598 ubi
755 1532 947 1598 domuncula
971 1538 1155 1597 exstruetur
1177 1531 1301 1596 duabus
1324 1530 1411 1596 cellis

149 1641 312 1714 constans,
334 1656 466 1720 quarum
490 1658 554 1700 una
575 1634 615 1701 ad
638 1636 844 1719 academiam,
866 1637 966 1728 altera
988 1634 1027 1700 ad
1050 1636 1161 1701 urbem
1184 1634 1366 1722 pertinebit.

237 1741 266 1802 3.
310 1738 437 1825 Operas
467 1747 573 1805 autem
600 1763 674 1806 suas
702 1763 761 1828 per
787 1741 874 1806 vices
897 1749 930 1806 et
952 1741 1075 1806 alterne
1098 1740 1145 1804 ita
1166 1740 1353 1825 partientur,
1375 1747 1412 1804 ut

150 1849 246 1907 nocte
268 1864 332 1906 una
353 1841 552 1908 academicus
575 1845 754 1931 praefectus,
775 1847 876 1910 altera
896 1845 1025 1910 urbicus
1047 1844 1158 1930 praesit
1179 1852 1213 1907 et
1234 1841 1412 1908 custodiam

149 1953 234 2032 agat,
259 1947 395 2033 quilibet
420 1948 507 2013 senis
529 1949 563 2013 in
585 1949 727 2035 singulas
749 1956 861 2014 noctes
884 1948 1014 2013 armatis
1038 1946 1286 2027 excubitoribus,
1308 1947 1411 2012 tribus

149 2050 300 2114 nimirum
333 2073 373 2116 ex
406 2050 595 2117 academicis
624 2061 657 2118 et
682 2052 818 2118 totidem
848 2075 888 2117 ex
912 2050 1082 2138 oppidanis
1104 2051 1242 2136 stipatus
1248 2075 1258 2131 ;
1278 2049 1411 2137 reliquis

148 2153 277 2220 interim
301 2155 448 2222 omnibus
471 2155 513 2222 ad
534 2157 704 2223 stationem
728 2157 888 2244 publicam
910 2163 1068 2243 perpetuo
1091 2155 1301 2220 manentibus.

236 2261 265 2323 4.
311 2259 438 2324 Horum
472 2260 610 2327 officium
645 2262 706 2326 erit
738 2260 850 2327 sedulo
878 2281 1000 2340 curare,
1025 2282 1065 2325 ne
1089 2258 1167 2345 quid
1189 2259 1354 2324 turbarum
1377 2259 1410 2324 in

149 2363 228 2428 urbe
251 2363 421 2446 exoriatur,
443 2373 616 2430 nocturnas
638 2366 885 2432 vociferationes
908 2373 942 2430 et
960 2365 1176 2450 grassationes
1191 2363 1344 2444 inhibere,
1361 2386 1411 2429 se-

149 2465 284 2532 ditiosas
307 2467 463 2533 coitiones
479 2467 657 2552 dispellere,
674 2468 789 2535 adium
805 2470 1081 2554 fenestrarumque
1098 2467 1281 2534 effractores
1296 2491 1411 2556 appre-

147 2569 298 2652 hendere,
324 2593 484 2658 cauponas
507 2573 640 2639 visitare
663 2582 696 2638 et
718 2574 896 2661 probibere,
918 2596 959 2638 ne
981 2575 1152 2659 quisquam
1174 2572 1207 2637 in
1231 2572 1303 2652 illis,
1325 2573 1409 2638 ultra

149 2673 318 2740 definitum
339 2677 464 2762 legibus
486 2685 625 2764 tempus,
648 2677 803 2759 desideat,
817 2686 885 2744 tum
902 2699 968 2756 eos,
980 2677 1036 2764 qui
1050 2685 1211 2742 tormenta
1226 2676 1412 2764 explodunt,

149 2778 323 2845 observare
347 2788 380 2845 et
400 2780 472 2846 foro
494 2782 690 2868 competenti
713 2783 837 2866 sistere,
870 2805 907 2847 ac
928 2783 961 2846 in
985 2803 1109 2847 summa
1131 2804 1258 2847 omnem
1280 2781 1409 2846 omnino

148 2883 214 2948 vim
247 2906 268 2947 a
300 2884 469 2970 capitibus,
502 2884 623 2951 aedibus
656 2894 690 2952 et
715 2886 850 2952 fortunis
882 2907 920 2950 ac
940 2886 1199 2972 possessionibus
1222 2885 1409 2972 quorumvis

148 3008 267 3052 arcere.
302 2987 432 3053 Nullam
454 2989 564 3076 itaque
585 2999 711 3056 noctem
734 2989 962 3056 incustoditam
978 2990 1208 3064 transmittent,
1226 2989 1284 3055 sed
1294 2991 1409 3076 juncto

147 3091 275 3177 agmine
302 3093 413 3159 urbem
445 3093 668 3174 circumibunt,
702 3093 844 3181 quidque
866 3115 972 3159 rerum
994 3101 1132 3180 geratur,
1154 3100 1276 3158 attente
1299 3093 1409 3159 obser-

146 3194 280 3276 vabunt,
313 3204 382 3261 tcto
414 3196 620 3262 excubiarum
652 3207 808 3287 tempore.
852 3198 999 3276 Quarum
1028 3197 1156 3262 initium
1182 3219 1242 3284 pro
1268 3196 1411 3262 diversis

148 3299 223 3363 anni
252 3300 451 3386 temporibus
478 3303 646 3387 pervices
669 3303 714 3367 ita
736 3301 919 3381 mutabitur,
940 3308 976 3365 ut
997 3301 1147 3387 hybernae
1170 3301 1249 3365 hora
1271 3301 1408 3387 septima

147 3403 333 3490 vespertina
354 3405 495 3491 praecise,
517 3405 635 3470 aestiua
657 3429 743 3472 nona
764 3406 961 3486 inchoentur,
980 3406 1013 3469 in
1029 3405 1099 3470 illas
1114 3414 1299 3492 computato
1319 3407 1408 3492 quic-

147 3506 226 3594 quid
248 3507 333 3572 inter
354 3509 514 3574 Octobres
538 3519 571 3575 et
592 3510 722 3597 Apriles
745 3508 893 3576 calendas
916 3508 1085 3574 intercedit
1106 3510 1272 3596 temporis,
1293 3509 1327 3574 in
1349 3509 1406 3574 has

146 3611 278 3676 residuo
300 3611 374 3676 anni
396 3614 551 3699 conjecto.
583 3614 654 3679 Nec
675 3613 737 3679 nisi
752 3623 828 3701 post
844 3621 990 3700 quartam
1005 3614 1203 3692 matutinam,
1218 3613 1289 3680 sive
1304 3613 1406 3680 biems

146 3715 217 3780 sive
241 3723 335 3780 astas
358 3716 410 3797 sit,
434 3717 549 3804 vigiliae
571 3718 751 3784 cessabunt

235 3823 263 3884 5.
307 3819 553 3888 Tumultuantes
588 3831 621 3888 et
653 3821 866 3888 vociferantes
901 3821 1005 3908 primo
1034 3820 1247 3886 hortabuntur
1273 3820 1407 3887 comiter

145 3922 272 4009 vigiles,
303 3932 339 3989 ut
360 3925 527 4008 absistant,
556 3929 584 3991 si
604 3927 834 3992 monitionibus
857 3925 936 3990 nihil
957 3925 1163 4012 profecerint,
1185 3922 1407 4010 delinquentes

145 4026 218 4092 sine
251 4027 316 4093 ullo
349 4027 542 4113 discrimine,
575 4031 646 4096 sive
679 4029 866 4096 academica
894 4031 964 4094 sive
993 4027 1162 4116 oppidanae
1188 4026 1406 4115 jurisdictioni

145 4131 283 4212 subsint,
304 4132 556 4219 apprehendent,
578 4143 612 4200 et
632 4134 673 4199 ad
696 4136 868 4201 stationem
883 4133 1103 4199 excubitorum
1117 4133 1268 4219 abreptos
1285 4132 1406 4199 ibidem

144 4259 205 4323 per
230 4245 359 4303 noctem
385 4239 420 4303 in
446 4260 505 4305 sua
526 4260 685 4326 quemque
706 4239 786 4305 cella
807 4238 1027 4318 asservabant,
1049 4235 1204 4324 postridie
1226 4258 1318 4302 mane
1340 4260 1407 4302 ma-

144 4341 295 4427 gistratui
328 4365 396 4423 sno,
428 4345 545 4409 rectori
570 4343 699 4430 quidem
728 4343 756 4409 si
784 4341 966 4421 academici,
994 4341 1117 4406 consuli
1148 4362 1226 4405 vero
1253 4340 1281 4405 si
1304 4341 1404 4407 urbici

146 4444 221 4525 sint,
243 4445 429 4513 tradendos.

233 4551 263 4614 6.
305 4549 455 4628 Quodsi
478 4551 650 4637 contingat,
680 4560 717 4616 ut
743 4550 784 4617 ad
810 4549 941 4616 ciendos
968 4546 1123 4613 tumultu
1153 4551 1266 4612 notant
1287 4549 1403 4635 plures,

147 4675 242 4738 quam
270 4675 352 4740 quos
382 4677 401 4719 a
430 4677 466 4720 ae
491 4655 577 4721 vinci
599 4678 697 4742 posse
719 4663 851 4742 sperent
871 4655 996 4740 vigiles,
1018 4650 1190 4735 diligenter
1211 4651 1317 4737 capita
1337 4653 1401 4716 fac·

145 4757 270 4830 tionum
300 4757 482 4830 istiusmodi
504 4760 671 4842 notabunt,
694 4769 750 4831 aut
772 4760 800 4828 si
821 4759 856 4825 id
877 4781 940 4823 non
964 4753 1100 4848 possint,
1122 4777 1242 4847 paucos
1265 4779 1306 4823 ex
1325 4777 1400 4844 pro-
