3520 5616
404 545 444 606 54
794 547 875 606 1655
900 547 945 604 lte
970 548 1204 608 konstitutiouer.

360 753 431 794 eum
465 730 498 793 in
528 731 621 793 finem
656 729 743 816 apud
777 729 932 794 decanum
962 731 1032 812 erit,
1061 754 1154 796 manu
1183 755 1241 798 sua
1263 743 1427 799 annotant
1472 733 1621 820 Capsulae

359 835 428 920 ejus
462 832 532 897 duae
566 841 660 897 erunt
688 834 804 916 claves,
832 855 964 919 quarum
994 857 1088 899 uuam
1111 845 1226 917 rector,
1248 837 1379 902 alteram
1404 838 1544 902 decanus
1567 839 1619 903 ha·

358 938 456 1002 bebit.
501 937 571 1002 Nec
601 936 756 1003 decanatu
790 961 849 1002 suo
882 939 1049 1025 quisquam
1079 941 1188 1021 exibit,
1215 941 1277 1006 nisi
1307 943 1395 1028 prius
1424 965 1463 1006 ex
1491 943 1621 1028 capsula

359 1042 430 1122 ista,
452 1040 605 1128 quicquid
628 1043 698 1106 aeris
723 1065 761 1106 eo
784 1042 934 1107 collatum
956 1053 1015 1124 est,
1037 1045 1068 1108 in
1092 1046 1201 1109 liscum
1228 1044 1446 1110 studiosorum
1461 1047 1493 1111 in
1510 1049 1621 1112 aerario

359 1144 529 1211 academie
557 1154 757 1210 asservatum
786 1147 993 1229 transtulerit,
1022 1159 1180 1235 prasente
1202 1160 1371 1235 quaestore.
1416 1150 1502 1215 Ilisci
1526 1151 1621 1238 hujus

312 1253 314 1260 '
360 1250 507 1314 similiter
533 1249 604 1314 duce
631 1258 725 1314 erunt
753 1252 870 1330 claves,
897 1273 1030 1336 quarum
1053 1275 1147 1317 unam
1171 1264 1275 1318 rector
1296 1255 1467 1334 custodiet,
1489 1254 1620 1320 alteram

359 1362 512 1438 quaestor:
536 1355 600 1440 qui,
622 1355 748 1440 quoties
772 1354 811 1419 ad
835 1355 956 1420 similes
980 1377 1056 1420 usus
1079 1357 1248 1443 quicquam
1272 1357 1345 1423 inde
1369 1357 1622 1446 depromendum

361 1466 420 1538 est,
454 1458 548 1522 simul
580 1456 725 1537 aderunt,
758 1470 791 1522 et
817 1460 851 1522 in
880 1460 1033 1546 peculiari
1065 1461 1147 1526 libro
1170 1463 1202 1526 in
1225 1461 1338 1526 eodem
1363 1463 1440 1526 fisco
1463 1473 1622 1550 perpetuo

360 1561 566 1642 asservando,
587 1563 724 1628 ablatam
748 1563 822 1627 inde
845 1586 1010 1644 summam,
1026 1574 1153 1652 tempus
1176 1589 1355 1652 nomenque
1371 1589 1490 1646 eorum,
1505 1568 1623 1652 quibus

360 1666 527 1752 quicquam
552 1667 757 1752 impenditur,
779 1667 948 1753 diligenter
971 1691 1065 1732 mauu
1088 1692 1206 1748 eorum,
1230 1673 1285 1756 qui
1307 1670 1508 1757 depromunt,
1535 1695 1621 1738 cura·

361 1770 442 1835 bunt
463 1771 652 1856 consignari.

449 1877 498 1939 10.
544 1874 716 1940 Studiosus
738 1876 881 1960 quilibet,
903 1879 957 1962 qui
973 1900 1089 1942 nomen
1105 1900 1198 1942 suum
1214 1877 1301 1964 apud
1318 1879 1489 1945 academie
1505 1889 1622 1946 nostrae

358 1988 515 2044 rectorem
549 1989 600 2044 est
632 1979 807 2066 professus,
839 1990 1032 2066 potestatem
1061 1981 1176 2047 habeat
1207 1982 1358 2048 audiendi
1381 1984 1524 2070 publicas
1549 2008 1623 2071 pro-

361 2082 517 2147 fessorum
551 2082 714 2163 lectiones
748 2083 891 2149 discendi
922 2094 1006 2150 artes
1034 2085 1134 2150 bonas
1162 2087 1344 2172 literaeque,
1371 2087 1558 2154 consulendi
1581 2088 1622 2154 de

361 2183 478 2249 studiis
507 2187 574 2250 suis
602 2210 667 2267 eos,
694 2189 810 2273 quibus
834 2189 959 2274 publice
983 2189 1118 2254 docendi
1142 2213 1256 2256 munus
1280 2203 1329 2256 est
1351 2194 1565 2273 commissum,
1590 2207 1624 2258 et

361 2291 492 2376 petendi
515 2291 715 2378 adeundique
739 2292 864 2378 privata
886 2294 1026 2378 collegia

451 2399 498 2460 ll.
542 2395 713 2462 Studiosus
746 2397 881 2483 quilibet
915 2407 1107 2483 potestatem
1142 2400 1258 2465 habeat
1287 2401 1418 2488 majoris
1446 2402 1477 2466 in
1507 2400 1624 2467 studiis

361 2501 428 2565 suis
462 2501 569 2565 auxilii
602 2501 705 2585 gratia
738 2499 892 2566 adeundae
926 2501 975 2567 bis
1005 2504 1037 2566 in
1066 2504 1200 2590 singulis
1229 2505 1484 2571 hebdomadibus
1508 2507 1622 2572 biblio·

361 2602 460 2668 thecae
491 2604 634 2691 publicae,
668 2605 939 2691 inspiciendorum
971 2605 1125 2671 bonorum
1154 2607 1305 2673 librorum
1333 2609 1624 2697 legendorumque3

362 2707 553 2794 excerpendi
576 2731 704 2795 quoque
726 2708 861 2773 facultas
884 2709 1086 2775 coucedatur.

450 2815 498 2876 12.
543 2813 610 2889 Qui
632 2812 765 2877 feliciori
788 2813 887 2878 fuerit
908 2814 1035 2900 ingenio
1058 2825 1154 2901 atque
1177 2817 1208 2878 in
1232 2815 1348 2881 studiis
1372 2819 1498 2902 egregie
1516 2819 1624 2903 prose-

363 2917 451 2995 oerit,
479 2916 640 2981 beneficiis
663 2917 852 2982 academicis
876 2926 972 3004 atque
995 2918 1169 2985 honoribus
1193 2943 1257 3006 prae
1280 2921 1350 2985 aliie
1374 2921 1552 3002 ornabitur3
1576 2931 1624 2986 at-

362 3041 424 3105 que
458 3021 512 3105 qui
545 3021 679 3106 gradum
707 3021 739 3085 in
768 3023 871 3107 patria
897 3023 1042 3108 acquirit,
1071 3024 1103 3087 iu
1127 3022 1262 3088 docendi
1286 3047 1416 3089 munere
1439 3025 1567 3110 publico
1590 3028 1623 3090 in

363 3124 505 3189 ecclesiis
528 3125 581 3189 vel
604 3124 721 3190 scholis
744 3134 840 3212 atque
863 3127 933 3191 aliis
956 3127 1131 3192 bonoribus
1155 3128 1285 3215 reliquis
1310 3130 1505 3214 praeferetur.

452 3231 498 3293 13.
543 3229 597 3294 Ob
624 3237 747 3315 pestem
776 3239 984 3316 grassantem,
1015 3232 1110 3318 pretii
1140 3233 1307 3298 locationis
1330 3231 1495 3298 dimidium
1520 3233 1623 3299 studi-

363 3333 428 3396 osis
451 3356 509 3418 prc
532 3341 601 3398 rata
622 3334 811 3398 remittatur.

452 3440 498 3500 14.
545 3435 717 3502 Studiosus
740 3438 802 3502 nisi
825 3439 954 3504 biennio
976 3448 1047 3504 toto
1070 3441 1209 3505 abfuerit
1231 3441 1398 3527 privilegia
1413 3463 1477 3505 non
1496 3440 1623 3504 amittat

362 3562 466 3626 neque
488 3541 572 3605 iutra
593 3539 627 3605 id
649 3550 775 3627 tempus
797 3565 946 3608 reversus
970 3543 1010 3608 de
1033 3567 1118 3609 novo
1142 3545 1310 3631 quicquam
1332 3568 1391 3631 pro
1415 3546 1622 3630 inscriptione

363 3645 477 3710 solvat.

453 3752 499 3814 15.
544 3749 718 3836 Privilegia
739 3749 806 3814 baec
829 3750 869 3814 ad
892 3773 948 3816 eos
971 3760 1094 3816 tantum
1116 3753 1287 3839 pertinent,
1310 3753 1364 3838 qui
1389 3775 1434 3832 se,
1454 3754 1537 3817 sicut
1554 3760 1622 3815 stu·

364 3853 473 3919 diosos
507 3854 608 3935 decet,
642 3857 675 3918 in
704 3854 867 3920 academia
893 3865 1016 3941 gerunt,
1049 3856 1089 3921 de
1117 3880 1181 3944 quo
1209 3868 1313 3922 rector
1342 3866 1376 3922 et
1396 3857 1621 3922 consistorium

363 3968 550 4043 cognoscet:
574 3959 672 4024 ceteri
696 3980 806 4023 omnes
830 3959 1049 4025 excludantur.

893 4205 1090 4212 ..-——---—

449 4370 519 4435 Has
553 4372 809 4452 constitutiones,
843 4381 938 4458 prout
971 4374 1134 4460 conceptis
1158 4373 1265 4438 verbis
1290 4395 1450 4458 expressae
1473 4381 1557 4453 sunt,
1581 4371 1621 4435 ab

364 4475 511 4541 omnibus
543 4484 577 4540 et
604 4476 747 4562 singulis,
769 4498 903 4562 quorum
926 4478 1070 4556 interest,
1092 4486 1236 4542 accurate
1260 4477 1380 4542 servari
1403 4476 1521 4541 debere
1544 4498 1621 4562 prae-

362 4581 498 4666 cipimus
504 4603 513 4659 ;
546 4588 739 4665 potestatem
775 4579 957 4647 deferentes
987 4579 1156 4646 academie
1184 4581 1421 4667 magistratibus
1445 4589 1479 4644 et
1501 4581 1621 4665 inspec-

363 4684 486 4750 toribus
509 4681 703 4750 academiam
727 4683 900 4752 secuudum
920 4686 1122 4774 praescriptas
1144 4685 1231 4774 leges
1247 4682 1444 4774 gubernandi
1461 4694 1494 4749 et
1510 4705 1621 4748 earun-
