<?xml version="1.0" encoding="UTF-8"?>
<!DOCTYPE html PUBLIC "-//W3C//DTD XHTML 1.0 Transitional//EN"
    "http://www.w3.org/TR/xhtml1/DTD/xhtml1-transitional.dtd">
<html xmlns="http://www.w3.org/1999/xhtml" xml:lang="en" lang="en">
 <head>
  <title>
</title>
<meta http-equiv="Content-Type" content="text/html;charset=utf-8" />
  <meta name='ocr-system' content='tesseract 3.04.00' />
  <meta name='ocr-capabilities' content='ocr_page ocr_carea ocr_par ocr_line ocrx_word'/>
</head>
<body>
  <div class='ocr_page' id='page_1' title='image "./upsalauniversit00annegoog_0050.png"; bbox 0 0 3564 5624; ppageno 0'>
   <div class='ocr_carea' id='block_1_1' title="bbox 400 530 1202 593">
    <p class='ocr_par' dir='ltr' id='par_1_1' title="bbox 400 530 1202 593">
     <span class='ocr_line' id='line_1_1' title="bbox 400 530 1202 593; baseline -0.005 -1"><span class='ocrx_word' id='word_1_1' title='bbox 400 530 441 593; x_wconf 89' lang='grc'>26</span> <span class='ocrx_word' id='word_1_2' title='bbox 792 531 873 590; x_wconf 79' lang='grc'>1665</span> <span class='ocrx_word' id='word_1_3' title='bbox 897 531 943 589; x_wconf 75' lang='lat' dir='ltr'>trs</span> <span class='ocrx_word' id='word_1_4' title='bbox 967 531 1202 590; x_wconf 81' lang='lat' dir='ltr'>lonstitutioncr.</span> 
     </span>
    </p>
   </div>
   <div class='ocr_carea' id='block_1_2' title="bbox 341 715 1654 4766">
    <p class='ocr_par' dir='ltr' id='par_1_2' title="bbox 359 715 1654 1223">
     <span class='ocr_line' id='line_1_2' title="bbox 359 715 1619 802; baseline -0.004 -17"><span class='ocrx_word' id='word_1_5' title='bbox 359 721 482 786; x_wconf 91' lang='lat' dir='ltr'>miscuo</span> <span class='ocrx_word' id='word_1_6' title='bbox 517 726 611 782; x_wconf 87' lang='lat' dir='ltr'>coetu</span> <span class='ocrx_word' id='word_1_7' title='bbox 644 717 870 796; x_wconf 88' lang='lat' dir='ltr'>observabunt,</span> <span class='ocrx_word' id='word_1_8' title='bbox 903 738 967 802; x_wconf 93' lang='lat' dir='ltr'>quo</span> <span class='ocrx_word' id='word_1_9' title='bbox 994 715 1142 782; x_wconf 90' lang='lat' dir='ltr'>nimirum</span> <span class='ocrx_word' id='word_1_10' title='bbox 1171 715 1369 782; x_wconf 88' lang='lat' dir='ltr'>contendant</span> <span class='ocrx_word' id='word_1_11' title='bbox 1394 715 1541 802; x_wconf 82' lang='lat' dir='ltr'>digressi,</span> <span class='ocrx_word' id='word_1_12' title='bbox 1562 726 1619 782; x_wconf 85' lang='lat' dir='ltr'>aut</span> 
     </span>
     <span class='ocr_line' id='line_1_3' title="bbox 359 820 1654 910; baseline -0.001 -23"><span class='ocrx_word' id='word_1_13' title='bbox 359 847 422 910; x_wconf 92' lang='lat' dir='ltr'>quo</span> <span class='ocrx_word' id='word_1_14' title='bbox 457 823 567 888; x_wconf 87' lang='lat' dir='ltr'>habitu</span> <span class='ocrx_word' id='word_1_15' title='bbox 601 823 652 886; x_wconf 89' lang='lat' dir='ltr'>usi</span> <span class='ocrx_word' id='word_1_16' title='bbox 685 822 814 900; x_wconf 82' lang='lat' dir='ltr'>fuerint,</span> <span class='ocrx_word' id='word_1_17' title='bbox 847 830 884 885; x_wconf 90' lang='lat' dir='ltr'>nt</span> <span class='ocrx_word' id='word_1_18' title='bbox 910 820 1028 886; x_wconf 90' lang='lat' dir='ltr'>indicio</span> <span class='ocrx_word' id='word_1_19' title='bbox 1057 820 1164 907; x_wconf 90' lang='lat' dir='ltr'>aliquo</span> <span class='ocrx_word' id='word_1_20' title='bbox 1187 821 1344 907; x_wconf 80' lang='lat' dir='ltr'>postridie</span> <span class='ocrx_word' id='word_1_21' title='bbox 1367 821 1496 887; x_wconf 91' lang='lat' dir='ltr'>omnino</span> <span class='ocrx_word' id='word_1_22' title='bbox 1520 822 1619 907; x_wconf 87' lang='lat' dir='ltr'>magi-</span> <span class='ocrx_word' id='word_1_23' title='bbox 1650 887 1654 894; x_wconf 80' lang='grc'>,</span> 
     </span>
     <span class='ocr_line' id='line_1_4' title="bbox 359 925 1620 1012; baseline -0.002 -20"><span class='ocrx_word' id='word_1_24' title='bbox 359 927 474 993; x_wconf 89' lang='lat' dir='ltr'>stratui</span> <span class='ocrx_word' id='word_1_25' title='bbox 495 934 561 992; x_wconf 89' lang='lat' dir='ltr'>tam</span> <span class='ocrx_word' id='word_1_26' title='bbox 582 925 711 990; x_wconf 76' lang='lat' dir='ltr'>nefarie</span> <span class='ocrx_word' id='word_1_27' title='bbox 734 925 780 990; x_wconf 91' lang='lat' dir='ltr'>rei</span> <span class='ocrx_word' id='word_1_28' title='bbox 802 925 1008 990; x_wconf 87' lang='lat' dir='ltr'>instinctores</span> <span class='ocrx_word' id='word_1_29' title='bbox 1023 933 1080 990; x_wconf 90' lang='lat' dir='ltr'>aut</span> <span class='ocrx_word' id='word_1_30' title='bbox 1093 925 1264 1012; x_wconf 75' lang='lat' dir='ltr'>complices</span> <span class='ocrx_word' id='word_1_31' title='bbox 1279 926 1442 1011; x_wconf 85' lang='lat' dir='ltr'>patefiant,</span> <span class='ocrx_word' id='word_1_32' title='bbox 1458 926 1620 1011; x_wconf 85' lang='lat' dir='ltr'>praecipue</span> 
     </span>
     <span class='ocr_line' id='line_1_5' title="bbox 359 1029 1621 1116; baseline -0.002 -19"><span class='ocrx_word' id='word_1_33' title='bbox 359 1054 436 1097; x_wconf 90' lang='lat' dir='ltr'>vero</span> <span class='ocrx_word' id='word_1_34' title='bbox 459 1031 652 1110; x_wconf 79' lang='lat' dir='ltr'>adnitentur,</span> <span class='ocrx_word' id='word_1_35' title='bbox 673 1037 710 1094; x_wconf 92' lang='grc' dir='ltr'>ιιι</span> <span class='ocrx_word' id='word_1_36' title='bbox 731 1052 772 1095; x_wconf 87' lang='lat' dir='ltr'>ex</span> <span class='ocrx_word' id='word_1_37' title='bbox 794 1029 951 1115; x_wconf 88' lang='lat' dir='ltr'>separatis</span> <span class='ocrx_word' id='word_1_38' title='bbox 973 1038 1071 1114; x_wconf 88' lang='lat' dir='ltr'>atque</span> <span class='ocrx_word' id='word_1_39' title='bbox 1088 1030 1154 1115; x_wconf 90' lang='lat' dir='ltr'>jam</span> <span class='ocrx_word' id='word_1_40' title='bbox 1178 1029 1359 1116; x_wconf 87' lang='lat' dir='ltr'>palantibus</span> <span class='ocrx_word' id='word_1_41' title='bbox 1378 1029 1518 1115; x_wconf 86' lang='lat' dir='ltr'>aliquem</span> <span class='ocrx_word' id='word_1_42' title='bbox 1532 1051 1621 1094; x_wconf 89' lang='lat' dir='ltr'>oom-</span> 
     </span>
     <span class='ocr_line' id='line_1_6' title="bbox 360 1134 716 1223; baseline -0.008 -23"><span class='ocrx_word' id='word_1_43' title='bbox 360 1134 559 1223; x_wconf 84' lang='lat' dir='ltr'>prehendere</span> <span class='ocrx_word' id='word_1_44' title='bbox 581 1135 716 1221; x_wconf 84' lang='lat' dir='ltr'>possint.</span> 
     </span>
    </p>

    <p class='ocr_par' dir='ltr' id='par_1_3' title="bbox 341 1236 1625 2365">
     <span class='ocr_line' id='line_1_7' title="bbox 447 1236 1621 1322; baseline 0 -21"><span class='ocrx_word' id='word_1_45' title='bbox 447 1243 475 1302; x_wconf 79' lang='lat'>7.</span> <span class='ocrx_word' id='word_1_46' title='bbox 519 1238 560 1301; x_wconf 93' lang='lat' dir='ltr'>In</span> <span class='ocrx_word' id='word_1_47' title='bbox 589 1237 650 1302; x_wconf 87' lang='lat' dir='ltr'>hoc</span> <span class='ocrx_word' id='word_1_48' title='bbox 677 1259 811 1302; x_wconf 89' lang='lat' dir='ltr'>munere</span> <span class='ocrx_word' id='word_1_49' title='bbox 837 1237 883 1300; x_wconf 87' lang='lat' dir='ltr'>ita</span> <span class='ocrx_word' id='word_1_50' title='bbox 913 1259 948 1301; x_wconf 93' lang='lat' dir='ltr'>se</span> <span class='ocrx_word' id='word_1_51' title='bbox 977 1236 1120 1302; x_wconf 89' lang='lat' dir='ltr'>universi</span> <span class='ocrx_word' id='word_1_52' title='bbox 1152 1244 1185 1301; x_wconf 89' lang='lat' dir='ltr'>et</span> <span class='ocrx_word' id='word_1_53' title='bbox 1213 1237 1331 1322; x_wconf 82' lang='lat' dir='ltr'>singuli</span> <span class='ocrx_word' id='word_1_54' title='bbox 1363 1247 1485 1322; x_wconf 83' lang='lat' dir='ltr'>gerent,</span> <span class='ocrx_word' id='word_1_55' title='bbox 1517 1245 1621 1302; x_wconf 91' lang='lat' dir='ltr'>utne</span> 
     </span>
     <span class='ocr_line' id='line_1_8' title="bbox 341 1339 1622 1431; baseline -0.002 -23"><span class='ocrx_word' id='word_1_56' title='bbox 341 1342 438 1431; x_wconf 52' lang='lat' dir='ltr'>‘quid</span> <span class='ocrx_word' id='word_1_57' title='bbox 461 1343 502 1407; x_wconf 93' lang='lat' dir='ltr'>ab</span> <span class='ocrx_word' id='word_1_58' title='bbox 524 1342 604 1428; x_wconf 92' lang='lat' dir='ltr'>ipsis</span> <span class='ocrx_word' id='word_1_59' title='bbox 626 1341 834 1427; x_wconf 82' lang='lat' dir='ltr'>negligenter,</span> <span class='ocrx_word' id='word_1_60' title='bbox 857 1349 979 1406; x_wconf 88' lang='lat' dir='ltr'>temere</span> <span class='ocrx_word' id='word_1_61' title='bbox 1000 1348 1057 1405; x_wconf 91' lang='lat' dir='ltr'>aut</span> <span class='ocrx_word' id='word_1_62' title='bbox 1078 1339 1250 1405; x_wconf 87' lang='lat' dir='ltr'>crudeliter</span> <span class='ocrx_word' id='word_1_63' title='bbox 1271 1341 1340 1421; x_wconf 87' lang='lat' dir='ltr'>fiat;</span> <span class='ocrx_word' id='word_1_64' title='bbox 1363 1342 1454 1428; x_wconf 88' lang='lat' dir='ltr'>cujus</span> <span class='ocrx_word' id='word_1_65' title='bbox 1476 1341 1524 1406; x_wconf 89' lang='lat' dir='ltr'>rei</span> <span class='ocrx_word' id='word_1_66' title='bbox 1543 1363 1622 1405; x_wconf 86' lang='lat' dir='ltr'>eura</span> 
     </span>
     <span class='ocr_line' id='line_1_9' title="bbox 361 1444 1624 1536; baseline -0.002 -24"><span class='ocrx_word' id='word_1_67' title='bbox 361 1448 522 1536; x_wconf 83' lang='lat' dir='ltr'>praecipua</span> <span class='ocrx_word' id='word_1_68' title='bbox 542 1467 643 1533; x_wconf 90' lang='lat' dir='ltr'>penes</span> <span class='ocrx_word' id='word_1_69' title='bbox 666 1445 851 1532; x_wconf 83' lang='lat' dir='ltr'>praefectum</span> <span class='ocrx_word' id='word_1_70' title='bbox 874 1445 942 1525; x_wconf 87' lang='lat' dir='ltr'>erit,</span> <span class='ocrx_word' id='word_1_71' title='bbox 964 1445 1019 1530; x_wconf 93' lang='lat' dir='ltr'>qui</span> <span class='ocrx_word' id='word_1_72' title='bbox 1042 1453 1169 1510; x_wconf 88' lang='lat' dir='ltr'>noctem</span> <span class='ocrx_word' id='word_1_73' title='bbox 1184 1453 1327 1531; x_wconf 86' lang='lat' dir='ltr'>occupat.</span> <span class='ocrx_word' id='word_1_74' title='bbox 1362 1444 1397 1510; x_wconf 83' lang='lat' dir='ltr'>Si</span> <span class='ocrx_word' id='word_1_75' title='bbox 1413 1445 1490 1532; x_wconf 93' lang='lat' dir='ltr'>quid</span> <span class='ocrx_word' id='word_1_76' title='bbox 1505 1454 1624 1532; x_wconf 81' lang='lat' dir='ltr'>praeter</span> 
     </span>
     <span class='ocr_line' id='line_1_10' title="bbox 355 1548 1622 1640; baseline -0.002 -23"><span class='ocrx_word' id='word_1_77' title='bbox 355 1556 410 1640; x_wconf 87' lang='lat' dir='ltr'>jus</span> <span class='ocrx_word' id='word_1_78' title='bbox 433 1552 547 1637; x_wconf 84' lang='lat' dir='ltr'>fasque</span> <span class='ocrx_word' id='word_1_79' title='bbox 569 1551 609 1615; x_wconf 92' lang='lat' dir='ltr'>ab</span> <span class='ocrx_word' id='word_1_80' title='bbox 632 1549 698 1614; x_wconf 92' lang='lat' dir='ltr'>ullo</span> <span class='ocrx_word' id='word_1_81' title='bbox 719 1549 853 1634; x_wconf 88' lang='lat' dir='ltr'>vigilum</span> <span class='ocrx_word' id='word_1_82' title='bbox 876 1548 1070 1634; x_wconf 90' lang='lat' dir='ltr'>designetur,</span> <span class='ocrx_word' id='word_1_83' title='bbox 1088 1548 1169 1614; x_wconf 87' lang='lat' dir='ltr'>sciet</span> <span class='ocrx_word' id='word_1_84' title='bbox 1184 1571 1298 1614; x_wconf 90' lang='lat' dir='ltr'>senon</span> <span class='ocrx_word' id='word_1_85' title='bbox 1313 1550 1418 1614; x_wconf 90' lang='lat' dir='ltr'>minus</span> <span class='ocrx_word' id='word_1_86' title='bbox 1435 1551 1503 1636; x_wconf 89' lang='lat' dir='ltr'>ejus</span> <span class='ocrx_word' id='word_1_87' title='bbox 1519 1549 1622 1635; x_wconf 80' lang='lat' dir='ltr'>cnlpae</span> 
     </span>
     <span class='ocr_line' id='line_1_11' title="bbox 361 1651 1624 1748; baseline -0.003 -27"><span class='ocrx_word' id='word_1_88' title='bbox 361 1657 465 1722; x_wconf 88' lang='lat' dir='ltr'>teneri</span> <span class='ocrx_word' id='word_1_89' title='bbox 491 1655 672 1741; x_wconf 85' lang='lat' dir='ltr'>praefectus,</span> <span class='ocrx_word' id='word_1_90' title='bbox 704 1675 800 1740; x_wconf 91' lang='lat' dir='ltr'>quam</span> <span class='ocrx_word' id='word_1_91' title='bbox 821 1651 927 1748; x_wconf 79' lang='lat' dir='ltr'>ipsum</span> <span class='ocrx_word' id='word_1_92' title='bbox 950 1653 1005 1738; x_wconf 92' lang='lat' dir='ltr'>qui</span> <span class='ocrx_word' id='word_1_93' title='bbox 1028 1653 1197 1734; x_wconf 88' lang='lat' dir='ltr'>commisit,</span> <span class='ocrx_word' id='word_1_94' title='bbox 1219 1651 1365 1717; x_wconf 90' lang='lat' dir='ltr'>simodo</span> <span class='ocrx_word' id='word_1_95' title='bbox 1387 1653 1464 1718; x_wconf 90' lang='lat' dir='ltr'>talia</span> <span class='ocrx_word' id='word_1_96' title='bbox 1485 1661 1523 1717; x_wconf 91' lang='lat' dir='ltr'>ut</span> <span class='ocrx_word' id='word_1_97' title='bbox 1542 1655 1624 1718; x_wconf 85' lang='lat' dir='ltr'>fiant</span> 
     </span>
     <span class='ocr_line' id='line_1_12' title="bbox 361 1756 1623 1848; baseline -0.002 -23"><span class='ocrx_word' id='word_1_98' title='bbox 361 1759 526 1848; x_wconf 88' lang='lat' dir='ltr'>imperarit</span> <span class='ocrx_word' id='word_1_99' title='bbox 552 1759 605 1823; x_wconf 89' lang='lat' dir='ltr'>vel</span> <span class='ocrx_word' id='word_1_100' title='bbox 631 1758 785 1822; x_wconf 81' lang='lat' dir='ltr'>facientes</span> <span class='ocrx_word' id='word_1_101' title='bbox 814 1779 879 1822; x_wconf 91' lang='lat' dir='ltr'>non</span> <span class='ocrx_word' id='word_1_102' title='bbox 901 1757 1085 1822; x_wconf 85' lang='lat' dir='ltr'>inhibuerit.</span> <span class='ocrx_word' id='word_1_103' title='bbox 1129 1756 1279 1822; x_wconf 85' lang='lat' dir='ltr'>Praefecti</span> <span class='ocrx_word' id='word_1_104' title='bbox 1301 1780 1377 1844; x_wconf 90' lang='lat' dir='ltr'>ergo</span> <span class='ocrx_word' id='word_1_105' title='bbox 1400 1758 1502 1844; x_wconf 89' lang='lat' dir='ltr'>ipsius</span> <span class='ocrx_word' id='word_1_106' title='bbox 1520 1759 1623 1844; x_wconf 89' lang='lat' dir='ltr'>jussis</span> 
     </span>
     <span class='ocr_line' id='line_1_13' title="bbox 362 1859 1625 1949; baseline -0.003 -19"><span class='ocrx_word' id='word_1_107' title='bbox 362 1865 432 1930; x_wconf 90' lang='lat' dir='ltr'>sine</span> <span class='ocrx_word' id='word_1_108' title='bbox 464 1863 731 1949; x_wconf 84' lang='lat' dir='ltr'>tergiversatione</span> <span class='ocrx_word' id='word_1_109' title='bbox 764 1859 895 1926; x_wconf 87' lang='lat' dir='ltr'>obedire</span> <span class='ocrx_word' id='word_1_110' title='bbox 928 1861 1043 1947; x_wconf 89' lang='lat' dir='ltr'>vigiles</span> <span class='ocrx_word' id='word_1_111' title='bbox 1076 1860 1204 1942; x_wconf 91' lang='lat' dir='ltr'>debent,</span> <span class='ocrx_word' id='word_1_112' title='bbox 1231 1884 1291 1926; x_wconf 92' lang='lat' dir='ltr'>nec</span> <span class='ocrx_word' id='word_1_113' title='bbox 1313 1862 1378 1928; x_wconf 89' lang='lat' dir='ltr'>ullo</span> <span class='ocrx_word' id='word_1_114' title='bbox 1401 1861 1497 1927; x_wconf 89' lang='lat' dir='ltr'>modo</span> <span class='ocrx_word' id='word_1_115' title='bbox 1520 1862 1625 1928; x_wconf 84' lang='lat' dir='ltr'>obniti</span> 
     </span>
     <span class='ocr_line' id='line_1_14' title="bbox 363 1965 1624 2054; baseline -0.002 -20"><span class='ocrx_word' id='word_1_116' title='bbox 363 1978 418 2034; x_wconf 87' lang='lat' dir='ltr'>aut</span> <span class='ocrx_word' id='word_1_117' title='bbox 445 1967 575 2054; x_wconf 90' lang='lat' dir='ltr'>obloqui</span> <span class='ocrx_word' id='word_1_118' title='bbox 606 1966 742 2031; x_wconf 87' lang='lat' dir='ltr'>honesta</span> <span class='ocrx_word' id='word_1_119' title='bbox 774 1974 808 2030; x_wconf 90' lang='lat' dir='ltr'>et</span> <span class='ocrx_word' id='word_1_120' title='bbox 833 1967 923 2051; x_wconf 87' lang='lat' dir='ltr'>justa</span> <span class='ocrx_word' id='word_1_121' title='bbox 950 1965 1135 2051; x_wconf 87' lang='lat' dir='ltr'>imperanti;</span> <span class='ocrx_word' id='word_1_122' title='bbox 1157 1967 1236 2052; x_wconf 92' lang='lat' dir='ltr'>quin</span> <span class='ocrx_word' id='word_1_123' title='bbox 1258 1965 1407 2031; x_wconf 89' lang='lat' dir='ltr'>damnum</span> <span class='ocrx_word' id='word_1_124' title='bbox 1430 1989 1490 2053; x_wconf 92' lang='lat' dir='ltr'>per</span> <span class='ocrx_word' id='word_1_125' title='bbox 1511 1967 1624 2032; x_wconf 91' lang='lat' dir='ltr'>inobe-</span> 
     </span>
     <span class='ocr_line' id='line_1_15' title="bbox 362 2069 1623 2151; baseline -0.004 -12"><span class='ocrx_word' id='word_1_126' title='bbox 362 2073 516 2140; x_wconf 89' lang='lat' dir='ltr'>dientiam</span> <span class='ocrx_word' id='word_1_127' title='bbox 542 2079 599 2136; x_wconf 90' lang='lat' dir='ltr'>aut</span> <span class='ocrx_word' id='word_1_128' title='bbox 630 2071 861 2136; x_wconf 85' lang='lat' dir='ltr'>contumaciam</span> <span class='ocrx_word' id='word_1_129' title='bbox 895 2069 1014 2150; x_wconf 88' lang='lat' dir='ltr'>datum,</span> <span class='ocrx_word' id='word_1_130' title='bbox 1047 2069 1075 2134; x_wconf 92' lang='lat' dir='ltr'>si</span> <span class='ocrx_word' id='word_1_131' title='bbox 1103 2070 1207 2136; x_wconf 91' lang='lat' dir='ltr'>levius</span> <span class='ocrx_word' id='word_1_132' title='bbox 1229 2070 1337 2151; x_wconf 87' lang='lat' dir='ltr'>fuerit,</span> <span class='ocrx_word' id='word_1_133' title='bbox 1359 2073 1548 2150; x_wconf 89' lang='lat' dir='ltr'>remotione,</span> <span class='ocrx_word' id='word_1_134' title='bbox 1572 2070 1623 2134; x_wconf 91' lang='lat' dir='ltr'>sin</span> 
     </span>
     <span class='ocr_line' id='line_1_16' title="bbox 362 2173 1625 2265; baseline -0.002 -23"><span class='ocrx_word' id='word_1_135' title='bbox 362 2179 502 2265; x_wconf 86' lang='lat' dir='ltr'>gravius,</span> <span class='ocrx_word' id='word_1_136' title='bbox 534 2175 662 2240; x_wconf 92' lang='lat' dir='ltr'>duriore</span> <span class='ocrx_word' id='word_1_137' title='bbox 695 2174 802 2260; x_wconf 89' lang='lat' dir='ltr'>aliquo</span> <span class='ocrx_word' id='word_1_138' title='bbox 835 2173 994 2260; x_wconf 89' lang='lat' dir='ltr'>supplicio</span> <span class='ocrx_word' id='word_1_139' title='bbox 1022 2195 1081 2259; x_wconf 90' lang='lat' dir='ltr'>pro</span> <span class='ocrx_word' id='word_1_140' title='bbox 1108 2173 1210 2260; x_wconf 84' lang='lat' dir='ltr'>culpae</span> <span class='ocrx_word' id='word_1_141' title='bbox 1239 2183 1273 2239; x_wconf 90' lang='lat' dir='ltr'>et</span> <span class='ocrx_word' id='word_1_142' title='bbox 1294 2174 1402 2240; x_wconf 93' lang='lat' dir='ltr'>delicti</span> <span class='ocrx_word' id='word_1_143' title='bbox 1425 2174 1531 2255; x_wconf 91' lang='lat' dir='ltr'>modo,</span> <span class='ocrx_word' id='word_1_144' title='bbox 1553 2176 1625 2241; x_wconf 90' lang='lat' dir='ltr'>sine</span> 
     </span>
     <span class='ocr_line' id='line_1_17' title="bbox 362 2278 1085 2365; baseline -0.008 -17"><span class='ocrx_word' id='word_1_145' title='bbox 362 2305 453 2348; x_wconf 86' lang='lat' dir='ltr'>mora</span> <span class='ocrx_word' id='word_1_146' title='bbox 474 2281 535 2346; x_wconf 90' lang='lat' dir='ltr'>sub</span> <span class='ocrx_word' id='word_1_147' title='bbox 557 2303 616 2348; x_wconf 90' lang='lat' dir='ltr'>sno</span> <span class='ocrx_word' id='word_1_148' title='bbox 638 2279 775 2365; x_wconf 88' lang='lat' dir='ltr'>quisque</span> <span class='ocrx_word' id='word_1_149' title='bbox 798 2278 986 2364; x_wconf 88' lang='lat' dir='ltr'>magistratu</span> <span class='ocrx_word' id='word_1_150' title='bbox 1009 2278 1085 2343; x_wconf 93' lang='lat' dir='ltr'>luet.</span> 
     </span>
    </p>

    <p class='ocr_par' dir='ltr' id='par_1_4' title="bbox 362 2382 1628 3406">
     <span class='ocr_line' id='line_1_18' title="bbox 449 2382 1628 2461; baseline -0.003 -9"><span class='ocrx_word' id='word_1_151' title='bbox 449 2390 478 2452; x_wconf 92' lang='lat'>8.</span> <span class='ocrx_word' id='word_1_152' title='bbox 522 2385 592 2451; x_wconf 87' lang='lat' dir='ltr'>Nec</span> <span class='ocrx_word' id='word_1_153' title='bbox 613 2383 716 2448; x_wconf 91' lang='lat' dir='ltr'>solum</span> <span class='ocrx_word' id='word_1_154' title='bbox 739 2405 759 2446; x_wconf 93' lang='lat' dir='ltr'>a</span> <span class='ocrx_word' id='word_1_155' title='bbox 780 2382 992 2447; x_wconf 90' lang='lat' dir='ltr'>membrorum</span> <span class='ocrx_word' id='word_1_156' title='bbox 1014 2382 1269 2448; x_wconf 89' lang='lat' dir='ltr'>mutilationibus</span> <span class='ocrx_word' id='word_1_157' title='bbox 1292 2390 1325 2448; x_wconf 90' lang='lat' dir='ltr'>et</span> <span class='ocrx_word' id='word_1_158' title='bbox 1347 2382 1496 2461; x_wconf 82' lang='lat' dir='ltr'>caedibus,</span> <span class='ocrx_word' id='word_1_159' title='bbox 1518 2382 1576 2448; x_wconf 88' lang='lat' dir='ltr'>sed</span> <span class='ocrx_word' id='word_1_160' title='bbox 1592 2393 1628 2448; x_wconf 89' lang='lat' dir='ltr'>et</span> 
     </span>
     <span class='ocr_line' id='line_1_19' title="bbox 362 2486 1626 2574; baseline -0.003 -18"><span class='ocrx_word' id='word_1_161' title='bbox 362 2515 382 2556; x_wconf 90' lang='lat' dir='ltr'>a</span> <span class='ocrx_word' id='word_1_162' title='bbox 404 2489 590 2557; x_wconf 90' lang='lat' dir='ltr'>verberibus</span> <span class='ocrx_word' id='word_1_163' title='bbox 614 2495 648 2554; x_wconf 92' lang='lat' dir='ltr'>et</span> <span class='ocrx_word' id='word_1_164' title='bbox 668 2486 902 2574; x_wconf 81' lang='lat' dir='ltr'>pulsationibus</span> <span class='ocrx_word' id='word_1_165' title='bbox 924 2486 1131 2552; x_wconf 90' lang='lat' dir='ltr'>abstinebunt</span> <span class='ocrx_word' id='word_1_166' title='bbox 1153 2487 1276 2572; x_wconf 89' lang='lat' dir='ltr'>vigiles,</span> <span class='ocrx_word' id='word_1_167' title='bbox 1298 2487 1327 2551; x_wconf 93' lang='lat' dir='ltr'>si</span> <span class='ocrx_word' id='word_1_168' title='bbox 1349 2486 1454 2552; x_wconf 86' lang='lat' dir='ltr'>sedari</span> <span class='ocrx_word' id='word_1_169' title='bbox 1477 2487 1548 2552; x_wconf 88' lang='lat' dir='ltr'>sine</span> <span class='ocrx_word' id='word_1_170' title='bbox 1567 2488 1626 2552; x_wconf 89' lang='lat' dir='ltr'>tali</span> 
     </span>
     <span class='ocr_line' id='line_1_20' title="bbox 364 2590 1627 2680; baseline -0.003 -19"><span class='ocrx_word' id='word_1_171' title='bbox 364 2595 518 2661; x_wconf 88' lang='lat' dir='ltr'>violentia</span> <span class='ocrx_word' id='word_1_172' title='bbox 539 2593 677 2680; x_wconf 89' lang='lat' dir='ltr'>improbi</span> <span class='ocrx_word' id='word_1_173' title='bbox 699 2590 962 2656; x_wconf 84' lang='lat' dir='ltr'>tumultuantium</span> <span class='ocrx_word' id='word_1_174' title='bbox 984 2599 1117 2656; x_wconf 87' lang='lat' dir='ltr'>conatus</span> <span class='ocrx_word' id='word_1_175' title='bbox 1134 2590 1268 2677; x_wconf 85' lang='lat' dir='ltr'>possint.</span> <span class='ocrx_word' id='word_1_176' title='bbox 1303 2591 1521 2668; x_wconf 76' lang='lat' dir='ltr'>Quamobrem</span> <span class='ocrx_word' id='word_1_177' title='bbox 1536 2592 1627 2678; x_wconf 89' lang='lat' dir='ltr'>quod</span> 
     </span>
     <span class='ocr_line' id='line_1_21' title="bbox 364 2695 1627 2787; baseline -0.002 -23"><span class='ocrx_word' id='word_1_178' title='bbox 364 2701 500 2787; x_wconf 89' lang='lat' dir='ltr'>quisque</span> <span class='ocrx_word' id='word_1_179' title='bbox 523 2719 633 2763; x_wconf 88' lang='lat' dir='ltr'>eorum</span> <span class='ocrx_word' id='word_1_180' title='bbox 656 2696 740 2776; x_wconf 88' lang='lat' dir='ltr'>mali,</span> <span class='ocrx_word' id='word_1_181' title='bbox 763 2695 849 2760; x_wconf 88' lang='lat' dir='ltr'>nulla</span> <span class='ocrx_word' id='word_1_182' title='bbox 870 2703 1004 2782; x_wconf 82' lang='lat' dir='ltr'>cogente</span> <span class='ocrx_word' id='word_1_183' title='bbox 1026 2697 1218 2761; x_wconf 72' lang='lat' dir='ltr'>necessitate</span> <span class='ocrx_word' id='word_1_184' title='bbox 1237 2718 1278 2760; x_wconf 88' lang='lat' dir='ltr'>ex</span> <span class='ocrx_word' id='word_1_185' title='bbox 1292 2697 1473 2762; x_wconf 87' lang='lat' dir='ltr'>inconsulta</span> <span class='ocrx_word' id='word_1_186' title='bbox 1487 2697 1627 2783; x_wconf 90' lang='lat' dir='ltr'>quadam</span> 
     </span>
     <span class='ocr_line' id='line_1_22' title="bbox 364 2799 1627 2887; baseline -0.002 -18"><span class='ocrx_word' id='word_1_187' title='bbox 364 2805 546 2870; x_wconf 82' lang='lat' dir='ltr'>temeritate</span> <span class='ocrx_word' id='word_1_188' title='bbox 580 2809 636 2866; x_wconf 90' lang='lat' dir='ltr'>ant</span> <span class='ocrx_word' id='word_1_189' title='bbox 669 2799 807 2886; x_wconf 90' lang='lat' dir='ltr'>maligno</span> <span class='ocrx_word' id='word_1_190' title='bbox 839 2801 945 2865; x_wconf 90' lang='lat' dir='ltr'>animo</span> <span class='ocrx_word' id='word_1_191' title='bbox 972 2801 1004 2864; x_wconf 88' lang='lat' dir='ltr'>in</span> <span class='ocrx_word' id='word_1_192' title='bbox 1034 2821 1225 2886; x_wconf 90' lang='lat' dir='ltr'>quemquam</span> <span class='ocrx_word' id='word_1_193' title='bbox 1247 2801 1433 2887; x_wconf 88' lang='lat' dir='ltr'>patraverit,</span> <span class='ocrx_word' id='word_1_194' title='bbox 1455 2801 1488 2866; x_wconf 93' lang='lat' dir='ltr'>id</span> <span class='ocrx_word' id='word_1_195' title='bbox 1511 2823 1627 2867; x_wconf 89' lang='lat' dir='ltr'>severe</span> 
     </span>
     <span class='ocr_line' id='line_1_23' title="bbox 364 2903 1627 2991; baseline -0.003 -17"><span class='ocrx_word' id='word_1_196' title='bbox 364 2908 407 2974; x_wconf 89' lang='lat' dir='ltr'>de</span> <span class='ocrx_word' id='word_1_197' title='bbox 429 2906 562 2973; x_wconf 88' lang='lat' dir='ltr'>authore</span> <span class='ocrx_word' id='word_1_198' title='bbox 585 2904 808 2985; x_wconf 87' lang='lat' dir='ltr'>vindicabitur,</span> <span class='ocrx_word' id='word_1_199' title='bbox 829 2912 927 2990; x_wconf 90' lang='lat' dir='ltr'>prout</span> <span class='ocrx_word' id='word_1_200' title='bbox 948 2903 1179 2970; x_wconf 85' lang='lat' dir='ltr'>determinatur</span> <span class='ocrx_word' id='word_1_201' title='bbox 1199 2904 1232 2968; x_wconf 92' lang='lat' dir='ltr'>in</span> <span class='ocrx_word' id='word_1_202' title='bbox 1255 2906 1365 2991; x_wconf 81' lang='lat' dir='ltr'>patriae</span> <span class='ocrx_word' id='word_1_203' title='bbox 1379 2905 1505 2991; x_wconf 88' lang='lat' dir='ltr'>legibus</span> <span class='ocrx_word' id='word_1_204' title='bbox 1520 2907 1627 2970; x_wconf 87' lang='lat' dir='ltr'>muni-</span> 
     </span>
     <span class='ocr_line' id='line_1_24' title="bbox 366 3007 1628 3098; baseline -0.002 -21"><span class='ocrx_word' id='word_1_205' title='bbox 366 3011 538 3098; x_wconf 87' lang='lat' dir='ltr'>cipalihus;</span> <span class='ocrx_word' id='word_1_206' title='bbox 571 3010 599 3074; x_wconf 87' lang='lat' dir='ltr'>ei</span> <span class='ocrx_word' id='word_1_207' title='bbox 632 3030 710 3074; x_wconf 89' lang='lat' dir='ltr'>vero</span> <span class='ocrx_word' id='word_1_208' title='bbox 742 3016 854 3094; x_wconf 88' lang='lat' dir='ltr'>aperta</span> <span class='ocrx_word' id='word_1_209' title='bbox 883 3007 916 3074; x_wconf 89' lang='lat' dir='ltr'>vi</span> <span class='ocrx_word' id='word_1_210' title='bbox 946 3008 1116 3094; x_wconf 87' lang='lat' dir='ltr'>quiequam</span> <span class='ocrx_word' id='word_1_211' title='bbox 1138 3009 1223 3074; x_wconf 89' lang='lat' dir='ltr'>ausit</span> <span class='ocrx_word' id='word_1_212' title='bbox 1244 3009 1359 3095; x_wconf 87' lang='lat' dir='ltr'>vigiles</span> <span class='ocrx_word' id='word_1_213' title='bbox 1382 3010 1470 3096; x_wconf 87' lang='lat' dir='ltr'>ipsos</span> <span class='ocrx_word' id='word_1_214' title='bbox 1493 3010 1628 3098; x_wconf 85' lang='lat' dir='ltr'>aggredi</span> 
     </span>
     <span class='ocr_line' id='line_1_25' title="bbox 367 3111 1625 3201; baseline -0.002 -19"><span class='ocrx_word' id='word_1_215' title='bbox 367 3127 400 3183; x_wconf 89' lang='lat' dir='ltr'>et</span> <span class='ocrx_word' id='word_1_216' title='bbox 426 3138 515 3180; x_wconf 88' lang='lat' dir='ltr'>arma</span> <span class='ocrx_word' id='word_1_217' title='bbox 536 3114 632 3178; x_wconf 86' lang='lat' dir='ltr'>armis</span> <span class='ocrx_word' id='word_1_218' title='bbox 656 3113 835 3192; x_wconf 87' lang='lat' dir='ltr'>obvertere,</span> <span class='ocrx_word' id='word_1_219' title='bbox 855 3112 1033 3198; x_wconf 87' lang='lat' dir='ltr'>periculum</span> <span class='ocrx_word' id='word_1_220' title='bbox 1056 3120 1089 3178; x_wconf 91' lang='lat' dir='ltr'>et</span> <span class='ocrx_word' id='word_1_221' title='bbox 1110 3111 1271 3192; x_wconf 88' lang='lat' dir='ltr'>damnum,</span> <span class='ocrx_word' id='word_1_222' title='bbox 1293 3112 1380 3199; x_wconf 92' lang='lat' dir='ltr'>quod</span> <span class='ocrx_word' id='word_1_223' title='bbox 1407 3115 1544 3201; x_wconf 88' lang='lat' dir='ltr'>quisquc</span> <span class='ocrx_word' id='word_1_224' title='bbox 1566 3138 1625 3201; x_wconf 86' lang='lat' dir='ltr'>ag·</span> 
     </span>
     <span class='ocr_line' id='line_1_26' title="bbox 366 3215 1628 3350; baseline -0.001 -64"><span class='ocrx_word' id='word_1_225' title='bbox 366 3241 549 3308; x_wconf 88' lang='lat' dir='ltr'>gressomm</span> <span class='ocrx_word' id='word_1_226' title='bbox 576 3217 695 3298; x_wconf 89' lang='lat' dir='ltr'>tulerit,</span> <span class='ocrx_word' id='word_1_227' title='bbox 722 3217 844 3282; x_wconf 91' lang='lat' dir='ltr'>inultus</span> <span class='ocrx_word' id='word_1_228' title='bbox 871 3216 1015 3298; x_wconf 90' lang='lat' dir='ltr'>habebit;</span> <span class='ocrx_word' id='word_1_229' title='bbox 1049 3216 1137 3304; x_wconf 94' lang='lat' dir='ltr'>quod</span> <span class='ocrx_word' id='word_1_230' title='bbox 1158 3240 1237 3283; x_wconf 88' lang='lat' dir='ltr'>vero</span> <span class='ocrx_word' id='word_1_231' title='bbox 1260 3215 1388 3350; x_wconf 86' lang='lat' dir='ltr'>dederit</span> <span class='ocrx_word' id='word_1_232' title='bbox 1409 3218 1500 3306; x_wconf 91' lang='lat' dir='ltr'>dupli</span> <span class='ocrx_word' id='word_1_233' title='bbox 1521 3242 1628 3307; x_wconf 88' lang='lat' dir='ltr'>poena</span> 
     </span>
     <span class='ocr_line' id='line_1_27' title="bbox 367 3320 1029 3406; baseline -0.006 -16"><span class='ocrx_word' id='word_1_234' title='bbox 367 3323 479 3390; x_wconf 89' lang='lat' dir='ltr'>itidem</span> <span class='ocrx_word' id='word_1_235' title='bbox 502 3321 677 3388; x_wconf 90' lang='lat' dir='ltr'>secundum</span> <span class='ocrx_word' id='word_1_236' title='bbox 700 3321 787 3406; x_wconf 86' lang='lat' dir='ltr'>leges</span> <span class='ocrx_word' id='word_1_237' title='bbox 809 3320 930 3406; x_wconf 88' lang='lat' dir='ltr'>patrias</span> <span class='ocrx_word' id='word_1_238' title='bbox 952 3320 1029 3386; x_wconf 90' lang='lat' dir='ltr'>luet.</span> 
     </span>
    </p>

    <p class='ocr_par' dir='ltr' id='par_1_5' title="bbox 368 3424 1630 3930">
     <span class='ocr_line' id='line_1_28' title="bbox 455 3424 1629 3513; baseline -0.001 -20"><span class='ocrx_word' id='word_1_239' title='bbox 455 3432 484 3493; x_wconf 88' lang='grc'>9.</span> <span class='ocrx_word' id='word_1_240' title='bbox 525 3426 592 3504; x_wconf 76' lang='lat' dir='ltr'>Qui</span> <span class='ocrx_word' id='word_1_241' title='bbox 615 3448 655 3489; x_wconf 87' lang='lat' dir='ltr'>ex</span> <span class='ocrx_word' id='word_1_242' title='bbox 678 3424 829 3510; x_wconf 88' lang='lat' dir='ltr'>vigilibus</span> <span class='ocrx_word' id='word_1_243' title='bbox 853 3447 912 3510; x_wconf 92' lang='lat' dir='ltr'>per</span> <span class='ocrx_word' id='word_1_244' title='bbox 933 3433 1060 3489; x_wconf 87' lang='lat' dir='ltr'>noctem</span> <span class='ocrx_word' id='word_1_245' title='bbox 1086 3424 1233 3505; x_wconf 86' lang='lat' dir='ltr'>abfuerit,</span> <span class='ocrx_word' id='word_1_246' title='bbox 1254 3425 1386 3492; x_wconf 86' lang='lat' dir='ltr'>manicis</span> <span class='ocrx_word' id='word_1_247' title='bbox 1411 3426 1629 3513; x_wconf 87' lang='lat' dir='ltr'>implicabitur</span> 
     </span>
     <span class='ocr_line' id='line_1_29' title="bbox 368 3527 1630 3617; baseline -0.001 -20"><span class='ocrx_word' id='word_1_248' title='bbox 368 3533 422 3597; x_wconf 93' lang='lat' dir='ltr'>vel</span> <span class='ocrx_word' id='word_1_249' title='bbox 452 3553 535 3617; x_wconf 91' lang='lat' dir='ltr'>equo</span> <span class='ocrx_word' id='word_1_250' title='bbox 563 3531 670 3616; x_wconf 89' lang='lat' dir='ltr'>ligneo</span> <span class='ocrx_word' id='word_1_251' title='bbox 701 3529 894 3614; x_wconf 88' lang='lat' dir='ltr'>imponetur,</span> <span class='ocrx_word' id='word_1_252' title='bbox 915 3527 1045 3614; x_wconf 90' lang='lat' dir='ltr'>idque</span> <span class='ocrx_word' id='word_1_253' title='bbox 1036 3552 1068 3593; x_wconf 87' lang='grc' dir='ltr'>ιιι</span> <span class='ocrx_word' id='word_1_254' title='bbox 1091 3528 1162 3594; x_wconf 88' lang='lat' dir='ltr'>loco</span> <span class='ocrx_word' id='word_1_255' title='bbox 1185 3529 1313 3615; x_wconf 90' lang='lat' dir='ltr'>publico</span> <span class='ocrx_word' id='word_1_256' title='bbox 1336 3538 1370 3595; x_wconf 90' lang='lat' dir='ltr'>et</span> <span class='ocrx_word' id='word_1_257' title='bbox 1391 3553 1450 3617; x_wconf 91' lang='lat' dir='ltr'>per</span> <span class='ocrx_word' id='word_1_258' title='bbox 1470 3530 1558 3596; x_wconf 91' lang='lat' dir='ltr'>diem</span> <span class='ocrx_word' id='word_1_259' title='bbox 1578 3533 1630 3596; x_wconf 94' lang='lat' dir='ltr'>in-</span> 
     </span>
     <span class='ocr_line' id='line_1_30' title="bbox 368 3631 1629 3722; baseline 0.002 -23"><span class='ocrx_word' id='word_1_260' title='bbox 368 3643 502 3720; x_wconf 86' lang='lat' dir='ltr'>tegrum,</span> <span class='ocrx_word' id='word_1_261' title='bbox 523 3634 586 3698; x_wconf 90' lang='lat' dir='ltr'>nisi</span> <span class='ocrx_word' id='word_1_262' title='bbox 607 3633 709 3718; x_wconf 89' lang='lat' dir='ltr'>frigus</span> <span class='ocrx_word' id='word_1_263' title='bbox 732 3632 863 3696; x_wconf 91' lang='lat' dir='ltr'>nimium</span> <span class='ocrx_word' id='word_1_264' title='bbox 885 3631 992 3698; x_wconf 79' lang='lat' dir='ltr'>fuer-it.</span> <span class='ocrx_word' id='word_1_265' title='bbox 1026 3632 1150 3697; x_wconf 86' lang='lat' dir='ltr'>Eadem</span> <span class='ocrx_word' id='word_1_266' title='bbox 1165 3655 1270 3719; x_wconf 89' lang='lat' dir='ltr'>poena</span> <span class='ocrx_word' id='word_1_267' title='bbox 1284 3634 1327 3698; x_wconf 91' lang='lat' dir='ltr'>sit</span> <span class='ocrx_word' id='word_1_268' title='bbox 1342 3656 1461 3716; x_wconf 89' lang='lat' dir='ltr'>eorum,</span> <span class='ocrx_word' id='word_1_269' title='bbox 1476 3637 1532 3722; x_wconf 91' lang='lat' dir='ltr'>qui</span> <span class='ocrx_word' id='word_1_270' title='bbox 1547 3637 1629 3702; x_wconf 90' lang='lat' dir='ltr'>ebrii</span> 
     </span>
     <span class='ocr_line' id='line_1_31' title="bbox 370 3736 1630 3824; baseline 0 -19"><span class='ocrx_word' id='word_1_271' title='bbox 370 3739 520 3806; x_wconf 85' lang='lat' dir='ltr'>excubias</span> <span class='ocrx_word' id='word_1_272' title='bbox 544 3738 675 3824; x_wconf 89' lang='lat' dir='ltr'>egerint.</span> <span class='ocrx_word' id='word_1_273' title='bbox 715 3737 749 3802; x_wconf 88' lang='lat' dir='ltr'>Si</span> <span class='ocrx_word' id='word_1_274' title='bbox 772 3759 851 3801; x_wconf 89' lang='lat' dir='ltr'>vero</span> <span class='ocrx_word' id='word_1_275' title='bbox 872 3737 942 3822; x_wconf 87' lang='lat' dir='ltr'>ipse</span> <span class='ocrx_word' id='word_1_276' title='bbox 964 3736 1133 3823; x_wconf 81' lang='lat' dir='ltr'>praefectus</span> <span class='ocrx_word' id='word_1_277' title='bbox 1149 3737 1294 3803; x_wconf 88' lang='lat' dir='ltr'>absentia</span> <span class='ocrx_word' id='word_1_278' title='bbox 1310 3738 1363 3804; x_wconf 90' lang='lat' dir='ltr'>vel</span> <span class='ocrx_word' id='word_1_279' title='bbox 1379 3739 1533 3805; x_wconf 90' lang='lat' dir='ltr'>ebrietate</span> <span class='ocrx_word' id='word_1_280' title='bbox 1548 3740 1630 3806; x_wconf 90' lang='lat' dir='ltr'>deli-</span> 
     </span>
     <span class='ocr_line' id='line_1_32' title="bbox 370 3840 1229 3930; baseline -0.005 -22"><span class='ocrx_word' id='word_1_281' title='bbox 370 3843 485 3930; x_wconf 90' lang='lat' dir='ltr'>querit,</span> <span class='ocrx_word' id='word_1_282' title='bbox 506 3863 632 3906; x_wconf 89' lang='lat' dir='ltr'>carcere</span> <span class='ocrx_word' id='word_1_283' title='bbox 654 3841 706 3906; x_wconf 91' lang='lat' dir='ltr'>vel</span> <span class='ocrx_word' id='word_1_284' title='bbox 728 3842 848 3906; x_wconf 87' lang='lat' dir='ltr'>mulcta</span> <span class='ocrx_word' id='word_1_285' title='bbox 867 3840 1050 3926; x_wconf 89' lang='lat' dir='ltr'>pecuniaria</span> <span class='ocrx_word' id='word_1_286' title='bbox 1071 3841 1229 3926; x_wconf 87' lang='lat' dir='ltr'>punietur.</span> 
     </span>
    </p>

    <p class='ocr_par' dir='ltr' id='par_1_6' title="bbox 371 3944 1630 4137">
     <span class='ocr_line' id='line_1_33' title="bbox 459 3944 1630 4034; baseline 0.002 -22"><span class='ocrx_word' id='word_1_287' title='bbox 459 3949 508 4012; x_wconf 91' lang='grc'>10.</span> <span class='ocrx_word' id='word_1_288' title='bbox 554 3945 646 4011; x_wconf 90' lang='lat' dir='ltr'>Ortis</span> <span class='ocrx_word' id='word_1_289' title='bbox 674 3945 758 4010; x_wconf 91' lang='lat' dir='ltr'>inter</span> <span class='ocrx_word' id='word_1_290' title='bbox 779 3944 948 4031; x_wconf 86' lang='lat' dir='ltr'>praefectos</span> <span class='ocrx_word' id='word_1_291' title='bbox 970 3945 1104 4030; x_wconf 88' lang='lat' dir='ltr'>vigilum</span> <span class='ocrx_word' id='word_1_292' title='bbox 1126 3952 1181 4010; x_wconf 90' lang='lat' dir='ltr'>aut</span> <span class='ocrx_word' id='word_1_293' title='bbox 1202 3945 1287 4010; x_wconf 89' lang='lat' dir='ltr'>inter</span> <span class='ocrx_word' id='word_1_294' title='bbox 1306 3947 1419 4033; x_wconf 88' lang='lat' dir='ltr'>vigiles</span> <span class='ocrx_word' id='word_1_295' title='bbox 1442 3948 1531 4034; x_wconf 89' lang='lat' dir='ltr'>ipsos</span> <span class='ocrx_word' id='word_1_296' title='bbox 1553 3971 1630 4015; x_wconf 91' lang='lat' dir='ltr'>con·</span> 
     </span>
     <span class='ocr_line' id='line_1_34' title="bbox 371 4047 1414 4137; baseline -0.001 -20"><span class='ocrx_word' id='word_1_297' title='bbox 371 4051 549 4130; x_wconf 90' lang='lat' dir='ltr'>troversiis,</span> <span class='ocrx_word' id='word_1_298' title='bbox 570 4050 618 4114; x_wconf 90' lang='lat' dir='ltr'>rei</span> <span class='ocrx_word' id='word_1_299' title='bbox 640 4048 754 4130; x_wconf 89' lang='lat' dir='ltr'>forum,</span> <span class='ocrx_word' id='word_1_300' title='bbox 776 4057 812 4112; x_wconf 93' lang='lat' dir='ltr'>nt</span> <span class='ocrx_word' id='word_1_301' title='bbox 834 4049 867 4112; x_wconf 92' lang='lat' dir='ltr'>in</span> <span class='ocrx_word' id='word_1_302' title='bbox 889 4049 960 4112; x_wconf 88' lang='lat' dir='ltr'>aliis</span> <span class='ocrx_word' id='word_1_303' title='bbox 977 4047 1120 4134; x_wconf 87' lang='lat' dir='ltr'>judiciis,</span> <span class='ocrx_word' id='word_1_304' title='bbox 1142 4057 1232 4115; x_wconf 88' lang='lat' dir='ltr'>actor</span> <span class='ocrx_word' id='word_1_305' title='bbox 1253 4059 1414 4137; x_wconf 89' lang='lat' dir='ltr'>sequetur.</span> 
     </span>
    </p>

    <p class='ocr_par' dir='ltr' id='par_1_7' title="bbox 373 4152 1632 4555">
     <span class='ocr_line' id='line_1_35' title="bbox 461 4152 1632 4236; baseline 0.003 -16"><span class='ocrx_word' id='word_1_306' title='bbox 461 4158 511 4220; x_wconf 92' lang='grc'>11.</span> <span class='ocrx_word' id='word_1_307' title='bbox 554 4155 678 4220; x_wconf 83' lang='lat' dir='ltr'>Praeter</span> <span class='ocrx_word' id='word_1_308' title='bbox 703 4162 874 4219; x_wconf 83' lang='lat' dir='ltr'>nocturnas</span> <span class='ocrx_word' id='word_1_309' title='bbox 901 4152 996 4218; x_wconf 90' lang='lat' dir='ltr'>hasce</span> <span class='ocrx_word' id='word_1_310' title='bbox 1024 4175 1126 4233; x_wconf 89' lang='lat' dir='ltr'>curas,</span> <span class='ocrx_word' id='word_1_311' title='bbox 1147 4153 1262 4220; x_wconf 89' lang='lat' dir='ltr'>adesse</span> <span class='ocrx_word' id='word_1_312' title='bbox 1285 4156 1411 4236; x_wconf 88' lang='lat' dir='ltr'>rectori,</span> <span class='ocrx_word' id='word_1_313' title='bbox 1431 4178 1503 4221; x_wconf 91' lang='lat' dir='ltr'>cum</span> <span class='ocrx_word' id='word_1_314' title='bbox 1524 4158 1632 4224; x_wconf 88' lang='lat' dir='ltr'>consi-</span> 
     </span>
     <span class='ocr_line' id='line_1_36' title="bbox 374 4256 1631 4345; baseline 0.001 -19"><span class='ocrx_word' id='word_1_315' title='bbox 374 4260 474 4326; x_wconf 89' lang='lat' dir='ltr'>storia</span> <span class='ocrx_word' id='word_1_316' title='bbox 501 4259 666 4338; x_wconf 90' lang='lat' dir='ltr'>hahentur,</span> <span class='ocrx_word' id='word_1_317' title='bbox 694 4257 825 4343; x_wconf 89' lang='lat' dir='ltr'>vigilum</span> <span class='ocrx_word' id='word_1_318' title='bbox 848 4256 1016 4322; x_wconf 86' lang='lat' dir='ltr'>academias</span> <span class='ocrx_word' id='word_1_319' title='bbox 1039 4257 1207 4345; x_wconf 87' lang='lat' dir='ltr'>praefectus</span> <span class='ocrx_word' id='word_1_320' title='bbox 1230 4282 1301 4324; x_wconf 87' lang='lat' dir='ltr'>cum</span> <span class='ocrx_word' id='word_1_321' title='bbox 1324 4259 1450 4326; x_wconf 91' lang='lat' dir='ltr'>dnobus</span> <span class='ocrx_word' id='word_1_322' title='bbox 1473 4260 1513 4325; x_wconf 89' lang='lat' dir='ltr'>ad</span> <span class='ocrx_word' id='word_1_323' title='bbox 1536 4263 1631 4327; x_wconf 92' lang='lat' dir='ltr'>mini·</span> 
     </span>
     <span class='ocr_line' id='line_1_37' title="bbox 373 4362 1632 4451; baseline 0.001 -21"><span class='ocrx_word' id='word_1_324' title='bbox 373 4387 461 4430; x_wconf 87' lang='lat' dir='ltr'>mum</span> <span class='ocrx_word' id='word_1_325' title='bbox 482 4362 719 4430; x_wconf 87' lang='lat' dir='ltr'>excubitoribus</span> <span class='ocrx_word' id='word_1_326' title='bbox 742 4362 871 4426; x_wconf 85' lang='lat' dir='ltr'>annatis</span> <span class='ocrx_word' id='word_1_327' title='bbox 894 4383 1020 4449; x_wconf 89' lang='lat' dir='ltr'>semper</span> <span class='ocrx_word' id='word_1_328' title='bbox 1042 4370 1178 4443; x_wconf 86' lang='lat' dir='ltr'>tenetur,</span> <span class='ocrx_word' id='word_1_329' title='bbox 1200 4371 1238 4427; x_wconf 92' lang='lat' dir='ltr'>ut</span> <span class='ocrx_word' id='word_1_330' title='bbox 1258 4365 1286 4428; x_wconf 87' lang='lat' dir='ltr'>ei</span> <span class='ocrx_word' id='word_1_331' title='bbox 1308 4364 1437 4451; x_wconf 90' lang='lat' dir='ltr'>quando</span> <span class='ocrx_word' id='word_1_332' title='bbox 1460 4386 1537 4430; x_wconf 89' lang='lat' dir='ltr'>usus</span> <span class='ocrx_word' id='word_1_333' title='bbox 1559 4365 1632 4432; x_wconf 90' lang='lat' dir='ltr'>fne-</span> 
     </span>
     <span class='ocr_line' id='line_1_38' title="bbox 375 4469 1205 4555; baseline -0.002 -20"><span class='ocrx_word' id='word_1_334' title='bbox 375 4471 427 4551; x_wconf 91' lang='lat' dir='ltr'>rit,</span> <span class='ocrx_word' id='word_1_335' title='bbox 447 4477 564 4555; x_wconf 88' lang='lat' dir='ltr'>praesto</span> <span class='ocrx_word' id='word_1_336' title='bbox 587 4469 660 4548; x_wconf 91' lang='lat' dir='ltr'>sint,</span> <span class='ocrx_word' id='word_1_337' title='bbox 682 4488 819 4553; x_wconf 90' lang='lat' dir='ltr'>qnorum</span> <span class='ocrx_word' id='word_1_338' title='bbox 841 4488 939 4552; x_wconf 89' lang='lat' dir='ltr'>opera</span> <span class='ocrx_word' id='word_1_339' title='bbox 959 4475 1066 4532; x_wconf 91' lang='lat' dir='ltr'>rector</span> <span class='ocrx_word' id='word_1_340' title='bbox 1088 4475 1205 4533; x_wconf 87' lang='lat' dir='ltr'>utatur.</span> 
     </span>
    </p>

    <p class='ocr_par' dir='ltr' id='par_1_8' title="bbox 377 4572 1631 4766">
     <span class='ocr_line' id='line_1_39' title="bbox 460 4572 1631 4662; baseline 0.003 -25"><span class='ocrx_word' id='word_1_341' title='bbox 460 4572 562 4638; x_wconf 86' lang='lat' dir='ltr'>Dabit</span> <span class='ocrx_word' id='word_1_342' title='bbox 588 4573 720 4658; x_wconf 90' lang='lat' dir='ltr'>insuper</span> <span class='ocrx_word' id='word_1_343' title='bbox 747 4593 886 4658; x_wconf 88' lang='lat' dir='ltr'>operam,</span> <span class='ocrx_word' id='word_1_344' title='bbox 912 4594 953 4636; x_wconf 90' lang='lat' dir='ltr'>ne</span> <span class='ocrx_word' id='word_1_345' title='bbox 983 4572 1152 4658; x_wconf 88' lang='lat' dir='ltr'>quisquam</span> <span class='ocrx_word' id='word_1_346' title='bbox 1179 4595 1288 4637; x_wconf 89' lang='lat' dir='ltr'>eorum</span> <span class='ocrx_word' id='word_1_347' title='bbox 1309 4573 1366 4658; x_wconf 91' lang='lat' dir='ltr'>qni</span> <span class='ocrx_word' id='word_1_348' title='bbox 1387 4596 1499 4640; x_wconf 89' lang='lat' dir='ltr'>causas</span> <span class='ocrx_word' id='word_1_349' title='bbox 1522 4585 1631 4662; x_wconf 90' lang='lat' dir='ltr'>agunt,</span> 
     </span>
     <span class='ocr_line' id='line_1_40' title="bbox 377 4673 1629 4766; baseline 0.002 -23"><span class='ocrx_word' id='word_1_350' title='bbox 377 4680 406 4746; x_wconf 88' lang='lat' dir='ltr'>si</span> <span class='ocrx_word' id='word_1_351' title='bbox 428 4677 534 4748; x_wconf 76' lang='lat' dir='ltr'>coetui</span> <span class='ocrx_word' id='word_1_352' title='bbox 557 4674 738 4742; x_wconf 85' lang='lat' dir='ltr'>academico</span> <span class='ocrx_word' id='word_1_353' title='bbox 760 4673 908 4740; x_wconf 90' lang='lat' dir='ltr'>addictus</span> <span class='ocrx_word' id='word_1_354' title='bbox 930 4674 982 4756; x_wconf 87' lang='lat' dir='ltr'>sit,</span> <span class='ocrx_word' id='word_1_355' title='bbox 1003 4685 1143 4744; x_wconf 87' lang='lat' dir='ltr'>armatus</span> <span class='ocrx_word' id='word_1_356' title='bbox 1166 4699 1271 4742; x_wconf 89' lang='lat' dir='ltr'>coram</span> <span class='ocrx_word' id='word_1_357' title='bbox 1289 4676 1413 4765; x_wconf 89' lang='lat' dir='ltr'>judicio</span> <span class='ocrx_word' id='word_1_358' title='bbox 1436 4689 1629 4766; x_wconf 86' lang='lat' dir='ltr'>compareat.</span> 
     </span>
    </p>
   </div>
   <div class='ocr_carea' id='block_1_3' title="bbox 0 0 1810 5624">
    <p class='ocr_par' dir='ltr' id='par_1_9' title="bbox 0 0 1810 5624">
     <span class='ocr_line' id='line_1_41' title="bbox 0 0 1810 5624; baseline 0 0"><span class='ocrx_word' id='word_1_359' title='bbox 0 0 1810 5624; x_wconf 95' lang='lat' dir='ltr'> </span> 
     </span>
    </p>
   </div>
  </div>
 </body>
</html>
