3520 5616
579 460 659 519 1655
684 461 729 518 trs
753 459 991 522 knustitutioner.

632 745 738 828 Cap.
770 747 952 816 XXIV.

539 904 589 968 De
606 903 792 989 pricilcpt'c's
814 905 1047 970 studiosorum.

252 1095 277 1158 1.
321 1091 493 1156 Studiosus
521 1093 605 1156 intra
632 1113 690 1156 sex
712 1090 881 1156 miliarium
902 1093 1042 1178 spatium
1065 1093 1105 1158 ab
1127 1093 1206 1157 urbe
1229 1091 1424 1176 Ubsaliensi,

151 1195 230 1260 sine
253 1195 446 1260 authoritate
469 1196 672 1280 magistratus
695 1193 866 1259 academici
889 1198 960 1282 capi
982 1206 1038 1262 aut
1060 1194 1100 1262 de
1124 1195 1241 1261 delicto
1261 1195 1424 1259 conveniri

151 1321 225 1364 non
248 1298 354 1378 debet,
376 1300 438 1364 nisi
461 1299 492 1364 in
516 1299 659 1386 flagranti
683 1297 814 1363 crimine
837 1299 1055 1386 deprehensus
1079 1301 1186 1380 fuerit,
1201 1301 1253 1365 vel
1269 1299 1423 1364 nefarium

151 1403 291 1490 aliquod
323 1403 448 1468 facinus
482 1403 689 1482 machinetur,
720 1413 776 1467 aut
806 1413 991 1490 perpetrato
1022 1405 1145 1469 enormi
1174 1406 1293 1469 scelere
1316 1405 1425 1490 fugam

151 1530 274 1594 parare
308 1530 380 1572 cum
415 1517 503 1572 certo
529 1516 670 1572 constet:
699 1515 768 1571 tum
791 1507 831 1572 ab
854 1508 924 1573 aliis
947 1508 1144 1594 apprehendi
1169 1517 1202 1573 et
1224 1509 1423 1594 magistratui

154 1612 345 1678 academico
369 1611 440 1676 sisti
464 1610 570 1676 debet.

250 1737 279 1798 2.
324 1733 363 1797 In
393 1733 497 1797 alieno
525 1732 595 1797 foro
618 1733 645 1796 si
668 1732 773 1818 litiget
795 1731 971 1815 studiosus,
993 1733 1062 1797 sine
1086 1731 1239 1798 dilatione
1262 1756 1357 1798 causa
1380 1733 1425 1799 di·

148 1837 335 1924 judicetur;
357 1837 445 1922 quod
467 1837 494 1901 si
517 1837 665 1922 superior
686 1835 812 1915 evadat,
835 1837 1039 1922 magistratus
1062 1837 1125 1916 ille,
1140 1838 1194 1922 qui
1207 1837 1329 1922 judicio
1345 1861 1425 1924 prae-

156 1953 221 2022 est,
249 1943 310 2007 nisi
342 1943 532 2006 sententiam
561 1941 625 2006 cito
649 1948 833 2025 exequatur,
855 1963 874 2004 a
896 1963 1048 2027 supremo
1071 1941 1157 2026 regis
1175 1940 1298 2027 judicio
1322 1965 1427 2029 poena

155 2047 328 2112 arbitraria
350 2054 384 2110 et
404 2045 608 2110 convenienti
632 2045 812 2109 mulctetur.

248 2171 277 2231 3.
321 2165 356 2231 Si
379 2166 494 2253 injuria
516 2167 557 2231 ab
578 2167 648 2230 aliis
672 2166 913 2252 quibuscunque
936 2164 1016 2230 citra
1038 2189 1166 2231 omnem
1187 2189 1276 2232 suam
1300 2167 1425 2253 culpam

156 2269 296 2335 affectus
324 2271 432 2352 fuerit,
461 2271 517 2357 qui
539 2270 685 2356 injuriam
709 2270 827 2350 intulit,
850 2269 933 2334 ultra
955 2268 1147 2335 ordinariam
1171 2282 1204 2335 et
1225 2271 1348 2356 legibus
1371 2270 1428 2336 de-

156 2375 281 2440 finitam
306 2396 452 2462 poenam,
474 2374 589 2460 viginti
612 2396 732 2438 marcas
755 2373 831 2437 laeso
855 2372 997 2459 pendere
1020 2375 1190 2439 tenebitur.

248 2499 278 2560 4.
325 2494 360 2560 Si
383 2493 563 2560 studiosum
586 2495 750 2580 contingat
772 2493 883 2574 occidi,
905 2493 1126 2580 fidejussorem
1152 2518 1210 2581 pro
1228 2518 1266 2560 eo
1281 2496 1426 2581 accipere

157 2622 362 2687 nequaquam
384 2598 503 2677 licebit,
526 2599 553 2662 si
576 2599 648 2684 capi
670 2597 857 2662 interfector
879 2599 992 2685 possit

250 2723 278 2785 5.
324 2718 496 2785 Studiosus
519 2719 635 2784 habeat
656 2719 889 2785 immunitatem
912 2723 1053 2784 onmium
1069 2741 1201 2784 onerum
1216 2719 1426 2806 publicorum,

159 2823 446 2907 contributionum,
468 2823 675 2910 pecuniarum
697 2821 737 2888 de
760 2845 819 2888 suo
842 2825 948 2911 capite
972 2832 1005 2890 et
1028 2823 1188 2889 similium.

250 2948 280 3010 6.
323 2945 462 3030 Propter
483 2952 680 3008 contractum
704 2966 746 3008 aes
769 2943 908 3008 alienum
931 2942 1096 3009 studiosus
1119 2945 1237 3010 carceri
1260 2967 1323 3010 non
1339 2967 1428 3010 man-

159 3049 333 3136 cipabitur,
355 3048 382 3113 si
405 3047 501 3112 modo
524 3069 698 3134 sponsores
721 3047 798 3112 dare
820 3029 1000 3133 potueria'

251 3155 278 3216 7.
325 3151 469 3218 Studiosi
490 3152 600 3230 libros,
622 3173 703 3239 quos
727 3173 746 3216 a
768 3159 859 3238 patre
882 3159 1081 3237 acceperant,
1103 3151 1136 3216 in
1152 3151 1313 3218 divisione
1328 3151 1426 3217 haere-

159 3255 273 3321 ditatis
296 3257 328 3320 in
351 3279 519 3321 commune
542 3256 686 3320 conferre
709 3278 781 3319 cum
803 3256 927 3320 caeteris
949 3254 1177 3335 coheredibus,
1199 3256 1254 3341 qui
1277 3256 1308 3319 in
1324 3256 1427 3321 literis

159 3383 226 3425 non
259 3370 465 3446 occupantur,
496 3360 558 3424 nisi
590 3361 736 3425 volentes
765 3381 828 3424 non
858 3367 1018 3442 tenentur,
1046 3359 1104 3424 sed
1127 3361 1265 3446 pretium
1289 3359 1367 3425 dent
1389 3360 1428 3424 li-

159 3463 229 3530 bris
251 3464 395 3529 retentis.

250 3571 280 3632 8.
325 3566 469 3632 Studiosi
498 3567 662 3632 habebunt
688 3568 888 3633 vacationem
918 3567 1050 3650 militia,
1083 3569 1301 3654 cujuscunque
1330 3567 1426 3633 sortis

162 3673 230 3736 sint
256 3672 308 3737 vel
337 3670 540 3751 conditionis,
570 3693 628 3736 nec
649 3670 709 3736 sub
731 3694 922 3757 quocunque
945 3671 1083 3756 denique
1106 3671 1201 3737 titulo
1223 3671 1264 3736 ad
1287 3693 1357 3737 eam
1380 3671 1428 3734 in-

161 3776 223 3842 viti
246 3775 422 3840 trahentur.

251 3883 279 3944 9.
324 3878 485 3944 Studiosis
514 3878 680 3967 proprium
707 3879 824 3946 habere
854 3880 964 3944 liscum
987 3880 1105 3946 licebit.
1152 3878 1249 3946 Unde
1272 3886 1429 3963 sumptus,

162 4006 235 4048 eum
264 3983 305 4047 ad
334 3983 551 4049 studiosorum
581 3993 722 4049 extreme
753 4007 929 4070 pauperum
960 3985 1166 4070 sepulturam,
1195 3981 1323 4070 quando
1347 3981 1427 4046 mori

162 4089 236 4154 illos
259 4087 424 4173 contingit,
445 4097 512 4152 tum
536 4087 577 4152 ad
599 4087 867 4174 compensandam
892 4109 1020 4174 operam
1037 4086 1241 4169 medicorum,
1257 4085 1312 4172 qui
1329 4109 1428 4172 aegro·

162 4201 215 4256 tos
243 4190 354 4258 itidem
382 4214 540 4278 pauperes
568 4193 701 4257 visitare
729 4201 889 4270 tenentur,
916 4190 1043 4278 possint
1070 4189 1224 4276 depromi.
1250 4189 1429 4276 Colligetur

163 4305 271 4361 autem
298 4295 399 4382 stipes
429 4296 491 4361 hoc
513 4295 619 4379 modo,
649 4304 685 4361 ut
707 4295 834 4380 singuli,
857 4297 928 4361 sive
950 4295 1111 4360 scholares
1135 4303 1305 4380 antequam
1328 4294 1428 4380 depo-

164 4411 290 4478 nantur,
320 4401 390 4466 sive
420 4399 630 4466 advenientes
658 4399 795 4466 studiosi
817 4408 989 4485 antequam
1013 4398 1236 4480 inscribantur,
1267 4399 1352 4485 apud
1376 4397 1427 4462 de·

164 4525 277 4568 canum
305 4506 337 4568 in
366 4504 527 4590 capsulam
559 4505 643 4570 hunc
666 4504 697 4569 in
722 4526 815 4570 usum
837 4505 953 4568 factam
976 4525 1033 4568 sex
1056 4502 1097 4568 ad
1120 4503 1286 4568 minimum
1306 4525 1427 4568 marcas

164 4608 312 4687 inferant,
341 4607 439 4700 idque
464 4631 622 4680 unacum
646 4610 774 4678 nomine
797 4631 856 4678 auo
880 4609 911 4675 in
935 4608 1017 4674 libro
1041 4608 1212 4689 rationum,
1234 4609 1290 4697 qui
1313 4605 1424 4672 itidem
