3520 5616
589 546 670 604 1655
694 547 740 604 trs
765 545 1002 606 locatitutioucr.
1343 543 1384 606 43

230 727 265 790 7.
322 726 530 814 Eloquentiae
557 728 722 814 professor
751 729 857 813 regius
880 737 1040 814 proponet
1061 737 1220 814 praecepta
1242 728 1427 794 Aristotelis

136 825 179 890 de
208 835 294 892 arte
328 829 501 911 rhetorica,
524 830 689 896 Ciceronis
718 831 758 896 de
790 841 916 896 oratore
938 841 972 897 et
993 831 1186 911 Quintiliani
1209 831 1427 897 institutiones

135 932 333 1013 oratorias,
356 955 514 1020 usumque
537 957 646 999 eorum
670 935 861 999 monstrabit
875 936 906 998 iu
924 945 1068 1000 veterum
1084 943 1118 998 et
1131 932 1428 1018 probatissimorum

134 1033 337 1100 authorum
371 1037 509 1123 scriptis,
545 1037 743 1102 orationibus
777 1047 811 1102 et
845 1038 999 1124 epistolis.
1043 1035 1215 1105 Juvcntuti
1247 1037 1337 1102 dabit
1368 1060 1427 1124 pro

134 1134 368 1220 singulorum
401 1147 498 1227 captu
531 1139 761 1225 dispositiones
795 1140 1014 1226 epistolarum,
1047 1150 1360 1224 progymnasmatum
1396 1149 1429 1205 et

135 1239 359 1322 anticuum,
389 1263 469 1326 quas
502 1242 643 1308 scribant
674 1253 707 1306 et
737 1243 889 1323 recitent;
920 1243 1009 1329 prius
1032 1242 1191 1328 privatim,
1216 1252 1374 1328 praesente
1397 1251 1430 1308 et

135 1338 325 1427 dirigente
351 1345 647 1430 pronunciationem
669 1344 851 1431 professore
874 1345 1073 1431 eloquentia,
1087 1346 1212 1430 quoties
1228 1367 1309 1432 opus
1325 1345 1430 1425 fuerit,

135 1441 274 1510 deinde
305 1446 437 1532 publice
460 1446 557 1533 idque
580 1470 620 1513 ex
643 1447 803 1512 memoria.
837 1449 890 1512 Ad
913 1447 1000 1534 quod
1022 1449 1126 1534 ipsum
1142 1470 1252 1514 omues
1268 1448 1429 1514 auditores

136 1556 247 1610 erunt
275 1548 428 1634 obligati.
463 1549 634 1616 Materiam
654 1558 761 1616 autem
785 1552 963 1617 orationum
986 1551 1164 1638 depromet,
1183 1561 1249 1616 tum
1267 1573 1307 1616 ex
1322 1552 1430 1630 sacris,

136 1658 216 1714 tum
245 1652 437 1738 prophanis
460 1653 656 1736 authoribus,
680 1663 747 1718 tum
771 1655 867 1720 etiam
889 1678 1000 1740 regum
1016 1655 1137 1720 Sueciae
1153 1655 1320 1721 annalibus
1336 1664 1369 1720 et
1382 1654 1430 1718 hi-

139 1755 283 1820 storiis
337 1755 501 1843 Imprimis
527 1757 595 1822 haec
622 1759 775 1824 exercitia
803 1757 844 1824 ad
872 1758 999 1830 laudem
1030 1759 1274 1839 Du1,ecclesiae
1296 1758 1430 1824 oedilica-

139 1858 285 1923 tionem
326 1869 360 1925 et
393 1859 488 1946 hujus
521 1861 620 1946 regni,
653 1883 774 1945 regum,
808 1861 949 1946 itemque
978 1885 1146 1948 procerum
1172 1862 1357 1928 memoriam
1390 1861 1431 1927 ad

140 1970 318 2046 posteros
351 1963 590 2049 propagandam
621 1963 773 2028 conferet.
818 1962 959 2030 Docehit
985 1965 1065 2030 hora
1085 1967 1106 2030 4
1129 1965 1160 2028 in
1184 1963 1282 2028 audit.
1307 1974 1431 2050 gustav.

244 2085 283 2147 8.
330 2082 472 2148 Potseos
494 2083 658 2168 professor
680 2084 712 2148 in
735 2092 803 2148 arte
827 2083 1048 2150 conscribendi
1072 2106 1186 2149 versus
1209 2083 1356 2149 instituet
1376 2106 1432 2149 au-

144 2181 303 2265 ditores,
330 2189 498 2272 praeceptis
528 2209 569 2250 ex
591 2185 768 2253 Aristotele
792 2187 843 2253 vel
865 2187 1003 2253 Horatio
1027 2185 1067 2252 de
1089 2195 1158 2252 arte
1181 2187 1306 2272 politica
1326 2186 1431 2252 aliove

144 2287 307 2372 probato
335 2289 467 2354 authore
495 2287 683 2376 desumptis.
729 2290 834 2356 Usum
858 2300 964 2355 autem
987 2299 1218 2377 praceptorum
1243 2291 1434 2355 monstrabit

147 2389 317 2475 inprimis
340 2393 372 2456 in
399 2391 548 2477 Virgilio,
569 2392 718 2472 Horatio,
738 2393 850 2458 Ovidii
871 2392 1119 2479 metamorphosi
1136 2401 1170 2457 et
1183 2393 1253 2458 aliis
1270 2393 1432 2458 veteribus

146 2495 335 2578 puriorum
351 2496 525 2559 carminum
540 2496 760 2582 scriptoribus.
794 2496 934 2562 Docehit
948 2496 1026 2561 hora
1039 2497 1141 2582 prima
1153 2497 1184 2560 in
1197 2494 1294 2561 audit
1305 2505 1431 2580 gustav.

253 2620 286 2681 9.
332 2616 470 2703 Logices
498 2617 664 2703 professor
692 2619 828 2704 logicam
857 2618 1026 2696 enarrabit,
1053 2616 1107 2682 ubi
1137 2616 1275 2695 cavebit,
1298 2639 1338 2681 ne
1360 2639 1433 2703 per-

149 2717 274 2802 plexis
302 2719 860 2808 scholasticorumdisputationibus
884 2731 917 2786 et
941 2719 1070 2784 dictatis
1085 2720 1289 2805 juventutem
1310 2719 1433 2805 fatiget,

149 2821 246 2910 Ejus
275 2845 352 2888 vero
375 2846 463 2903 usus,
485 2847 557 2888 cum
579 2848 643 2890 non
666 2828 699 2890 in
722 2825 995 2912 disputationibus
1019 2823 1176 2888 duntaxat
1197 2832 1360 2909 appareat,
1379 2847 1434 2890 ve·

153 2947 234 2991 rum
272 2927 304 2991 in
338 2928 571 3013 compositione
605 2939 638 2994 et
670 2931 866 2995 resolutione
893 2931 959 2994 vim
991 2950 1082 2994 suam
1110 2928 1247 2993 maxime
1275 2928 1434 3010 ostendat,

154 3052 301 3116 operam
335 3030 425 3096 dabit
455 3033 587 3118 logicus,
620 3043 657 3098 ut
689 3043 849 3120 precepta
877 3034 985 3120 potius
1014 3032 1055 3097 ad
1078 3033 1227 3098 usumin
1251 3033 1379 3120 scriptis
1402 3042 1435 3099 et

157 3135 324 3220 operibus
348 3135 419 3215 illis,
442 3136 474 3200 in
497 3136 613 3222 quibus
636 3138 746 3223 logicae
769 3138 935 3203 artificium
960 3135 1142 3202 evidentius
1165 3146 1308 3222 apparet,
1330 3146 1434 3202 trans-

157 3237 261 3320 ferat,
284 3261 380 3325 quam
403 3249 439 3303 ut
460 3241 492 3304 in
515 3240 611 3306 nudis
634 3241 803 3328 praeceptis
826 3251 860 3306 et
881 3240 1108 3306 controversiis
1131 3240 1323 3326 acquiescat,
1337 3239 1434 3327 idque

159 3342 269 3409 faciet
291 3345 361 3409 sine
384 3344 493 3410 multis
516 3346 712 3432 ambagibus.
757 3345 926 3410 Terminus
948 3366 1076 3431 quoque
1099 3352 1132 3410 et
1153 3343 1377 3408 distinctiones
1401 3345 1433 3408 in

159 3448 400 3535 metaphysicis
433 3449 578 3530 traditas,
604 3473 675 3536 ques
702 3449 859 3535 insignem
888 3471 953 3535 prae
976 3449 1108 3535 reliquis
1130 3469 1224 3512 usum
1247 3449 1280 3512 in
1301 3448 1435 3515 faculta-

162 3552 260 3618 tibus
291 3563 324 3618 et
345 3552 523 3639 disciplinis
546 3553 760 3640 percipiendis
783 3563 880 3640 atque
902 3551 1066 3618 tradendis
1089 3552 1217 3635 habent,
1240 3553 1382 3618 breviter
1404 3563 1437 3619 et

162 3657 279 3724 sobrie
302 3656 482 3742 explicabit.
528 3657 668 3724 Docehit
689 3657 768 3723 hora
790 3661 819 3722 8.
844 3659 876 3722 in
898 3656 996 3722 audit.
1021 3666 1086 3722 vet.
1110 3657 1232 3744 majori.

258 3778 429 3844 Coronidis
462 3779 533 3844 loco
567 3779 767 3867 professores
796 3781 912 3866 singuli
940 3779 971 3843 in
993 3778 1028 3844 id
1050 3777 1162 3844 sedulo
1186 3780 1377 3860 incumbent,
1400 3791 1436 3845 ut

164 3885 309 3970 quisque
342 3885 374 3948 in
408 3905 467 3948 sua
500 3883 700 3970 professione
730 3893 840 3949 servet
868 3885 1041 3972 puritatem
1072 3884 1163 3949 latini
1191 3885 1346 3949 sermonis
1375 3908 1434 3971 pro

166 3987 280 4052 indole
307 3990 462 4074 cujusque
489 3987 673 4073 discipliuae.
721 3989 830 4075 Atque
853 3989 914 4054 hoc
936 3989 1147 4054 coustitutum
1170 3990 1213 4053 sit
1235 3987 1276 4052 de
1299 3989 1435 4074 publicis

165 4090 373 4156 lectionibus.
408 4091 448 4155 ln
463 4091 598 4178 privatis
615 4092 776 4157 exercitiis
792 4093 935 4179 publicas
950 4093 1056 4173 horas,
1071 4094 1133 4158 nisi
1148 4091 1293 4180 publicus
1309 4092 1434 4178 profes-

168 4217 235 4274 sor,
257 4217 351 4258 nemo
374 4195 552 4281 occupabit.
587 4195 686 4281 laque
708 4196 870 4281 privatum
893 4197 1062 4283 collegium
1085 4205 1293 4282 suscepturus
1309 4197 1436 4262 cavebit

170 4301 287 4385 primo,
308 4320 350 4364 ue
373 4298 505 4364 eandem
528 4308 689 4387 proponat
709 4300 854 4365 lectionis
871 4301 1045 4381 materiam,
1060 4325 1130 4387 quae
1145 4301 1200 4364 illa
1214 4300 1293 4364 hora
1308 4301 1434 4387 publice

170 4410 335 4468 tractatur.
382 4401 509 4468 Deinde
531 4427 572 4469 ne
596 4405 694 4469 ullum
718 4404 894 4469 auditorem
916 4405 949 4470 in
973 4406 1100 4491 privato
1123 4404 1257 4491 collegio
1278 4403 1435 4485 admittat,

171 4507 228 4596 qui
251 4527 288 4570 ea
311 4507 382 4592 ipsa
403 4506 482 4572 hora
505 4509 632 4596 publice
655 4508 823 4574 docentem
846 4508 956 4575 audire
980 4508 1071 4572 solet.
