3564 5624
412 547 451 616 10
786 549 867 616 1655
892 557 937 616 trs
962 553 1200 617 konstitutioner.

368 740 583 820 cancellatim,
611 739 765 804 ordinarii
794 740 1002 827 professores,
1029 740 1200 806 academiae
1222 751 1363 826 quaestor
1385 749 1418 805 et
1439 740 1633 806 secretarius

370 845 600 909 invitabuntur.
646 846 744 923 Quod
777 846 804 910 si
837 845 1006 910 academiae
1029 847 1245 925 cancellarius,
1266 845 1381 931 aliquis
1406 845 1634 932 episcoporum

367 949 418 1014 vel
447 950 621 1036 provinciae
649 971 767 1036 praeses
797 950 881 1014 forte
909 951 941 1014 in
971 951 1050 1014 urbe
1072 950 1179 1030 suerit,
1202 973 1258 1016 eos
1280 973 1408 1036 quoque
1430 951 1569 1016 invitare
1592 949 1633 1013 li-

367 1053 461 1118 cebit.
506 1054 598 1118 Alios
622 1062 737 1140 praeter
754 1057 821 1141 jam
844 1054 948 1119 dictos
970 1055 1106 1120 invitare
1129 1055 1335 1120 interdictum
1358 1055 1410 1119 sit.
1445 1055 1512 1133 Qui
1536 1077 1633 1118 secus

366 1156 488 1234 fecerit,
519 1159 602 1222 sicut
629 1160 724 1222 etiam
753 1159 807 1244 qui
835 1159 1019 1224 convivium
1047 1159 1193 1245 sequenti
1222 1159 1274 1224 die
1304 1158 1410 1224 denno
1434 1158 1634 1236 instruxerit,

367 1287 425 1349 pro
449 1263 582 1348 singulis
605 1263 786 1348 hospitibus
809 1285 866 1327 sex
890 1265 1005 1328 marcis
1028 1263 1241 1328 mulctabitur.

748 1475 776 1535 3.
821 1469 879 1534 De
901 1471 1074 1535 rectoris
1098 1470 1248 1535 officio.

457 1630 484 1690 1.
530 1623 651 1688 Rector
678 1626 784 1688 omnia
806 1623 846 1689 ad
869 1625 939 1689 Der
960 1627 1093 1712 gloriam
1117 1635 1150 1690 et
1172 1627 1306 1691 salutern
1330 1625 1512 1712 reipublicae
1535 1633 1634 1710 atque

368 1728 539 1793 academiae
562 1729 594 1792 in
617 1730 847 1814 gubernatione
871 1752 928 1794 sua
950 1729 1077 1794 referet.

455 1837 482 1898 2.
528 1831 595 1897 Res
629 1833 798 1898 academiae
831 1833 962 1920 diriget:
997 1835 1224 1921 professorum,
1259 1833 1477 1899 studiosorum
1508 1843 1540 1898 et
1563 1857 1634 1898 orn-

368 1939 456 2001 nium
486 1937 738 2002 academicorum
766 1961 881 2019 mores,
915 1938 1022 2003 studia
1051 1949 1084 2004 et
1110 1941 1263 2004 exercitia
1285 1939 1503 2003 moderabitur
1525 1947 1635 2024 atque,

370 2050 405 2104 ut
440 2064 550 2106 omnes
581 2041 794 2107 obedientiam
828 2041 888 2106 Sar
911 2043 978 2107 Rae
1006 2043 1111 2130 trajai
1140 2043 1279 2107 debitam
1309 2051 1472 2129 praestent,
1494 2043 1636 2108 fideliter

370 2147 502 2210 curabit.
548 2145 701 2232 Inprimis
729 2156 836 2211 autem
865 2149 898 2210 in
920 2147 1045 2213 labores
1069 2147 1288 2234 professorum
1312 2156 1458 2212 accurate
1481 2149 1635 2234 inquiret,

370 2251 524 2315 lectiones
549 2274 657 2314 eorum
683 2251 818 2316 subinde
842 2251 1062 2317 auscultando.

457 2359 485 2419 3.
530 2353 590 2419 dus
614 2355 745 2420 habebit
767 2365 936 2442 utrumque
959 2355 1182 2421 consistorium
1205 2379 1264 2444 pro
1280 2381 1313 2421 re
1331 2366 1406 2421 nata
1422 2357 1634 2423 corrvocandi.

455 2463 484 2523 4.
531 2457 683 2523 Senatum
711 2461 862 2545 majorem
890 2459 1049 2524 ordinarie
1079 2461 1177 2525 semel
1200 2462 1334 2546 singulis
1356 2462 1521 2524 minimum
1544 2485 1636 2525 men-

369 2561 458 2625 sibus
481 2564 678 2642 convocabit,
702 2564 922 2649 exploraturus
946 2565 1023 2650 quid
1046 2567 1077 2630 in
1102 2565 1263 2629 academia
1285 2574 1397 2650 agatur
1428 2575 1461 2630 ot
1481 2589 1545 2652 quc
1560 2567 1633 2630 loco

370 2665 435 2729 sint
458 2668 572 2746 omnia,
595 2691 665 2753 quae
689 2667 729 2733 ad
752 2667 946 2733 academiam
969 2669 1140 2756 pertinent.

458 2773 486 2834 5.
531 2769 729 2835 Scholarium
759 2782 791 2836 et
819 2771 1033 2837 studiosorum
1064 2773 1302 2838 advenientium
1326 2774 1509 2838 testimonia
1532 2773 1635 2860 inspi-

370 2873 433 2936 ciet
472 2883 505 2938 et
538 2875 697 2940 scholares
732 2876 860 2962 quidem
899 2877 940 2941 ad
968 2877 1178 2964 philosophiae
1214 2877 1367 2942 decanum
1403 2879 1633 2944 examinandos

372 2979 497 3059 mittet3
526 3003 659 3064 quorum
694 2980 905 3044 eruditionem
930 2980 956 3044 si
979 2979 1119 3045 decanus
1143 2980 1372 3067 approbaverit
1395 2986 1418 3066 (z
1443 3007 1511 3068 quar
1537 2985 1568 3048 in
1593 3006 1634 3047 co

373 3083 537 3163 consistet,
561 3092 596 3147 ut
618 3084 728 3148 ist-hac
751 3085 857 3148 omnia
878 3085 1085 3165 absolverint,
1107 3109 1176 3170 quae
1199 3086 1229 3149 in
1254 3085 1372 3150 scholis
1394 3087 1575 3152 trivialibus
1600 3097 1635 3152 et

371 3187 544 3270 gymnasiis
569 3189 705 3272 proponi
727 3187 881 3274 debenttl,
899 3191 1082 3275 juramento
1106 3187 1277 3253 adstrictos
1293 3190 1324 3253 in
1341 3189 1447 3255 album
1464 3191 1636 3256 academiae

370 3289 496 3368 referet,
519 3293 658 3377 acceptis
681 3292 721 3355 ab
744 3314 937 3378 unoquoque
959 3316 1017 3379 pro
1041 3316 1139 3379 opera
1161 3316 1219 3357 sua
1240 3295 1343 3358 tribus
1366 3297 1490 3360 mareis.
1532 3296 1635 3374 Quod

370 3394 396 3457 si
420 3402 525 3457 rector
547 3404 579 3459 et
602 3394 741 3460 decanus
765 3395 908 3461 rudiores
933 3395 1092 3462 scholares
1112 3406 1168 3461 aut
1190 3397 1277 3478 alios,
1293 3399 1362 3463 sine
1383 3421 1540 3464 consensu
1558 3424 1635 3486 pro-

369 3499 546 3562 cancellarii
570 3507 603 3562 et
625 3507 753 3564 senatus
776 3501 957 3581 academici,
980 3502 1139 3566 exercitiis
1168 3503 1356 3567 academicis
1378 3503 1482 3570 minus
1498 3504 1633 3572 idoneos

369 3601 568 3685 admiserint,
598 3603 771 3668 arbitrariae
800 3627 911 3690 poenae
934 3629 953 3670 a
976 3607 1222 3693 procancellario
1246 3617 1279 3672 et
1301 3616 1414 3672 senatu
1437 3611 1547 3696 majori
1571 3611 1631 3675 de-

369 3705 580 3770 terminandas
603 3707 734 3773 obnoxii
758 3718 861 3774 erunt.
1605 3707 1611 3722 ”

707 3911 974 3980 Iuramentum
1005 3915 1290 3981 studiosorum.

362 4070 365 4076 ‘
454 4049 526 4136 Ego
554 4049 595 4115 N.
620 4049 660 4114 N.
686 4061 794 4117 sancte
817 4053 980 4138 promitto,
996 4076 1047 4118 me
1064 4054 1146 4120 velle
1159 4053 1219 4119 Sae
1231 4053 1299 4118 Rzae
1311 4054 1386 4119 Mai
1398 4055 1632 4142 subjectionem

371 4165 403 4220 et
424 4154 530 4233 fidem,
563 4155 657 4241 hujus
687 4156 856 4221 academiae
883 4159 1009 4239 rectori,
1036 4157 1112 4223 dum
1135 4159 1167 4222 in
1190 4158 1249 4223 hac
1272 4161 1425 4225 societate
1449 4160 1630 4226 studiorum

368 4261 471 4345 gratia
502 4260 616 4341 haereo,
649 4260 790 4326 debitam
824 4261 1038 4328 obedientiam
1073 4273 1234 4350 praetere.
1286 4264 1468 4330 Academiae
1501 4289 1631 4353 quoque

369 4364 498 4428 statutis
523 4374 555 4429 et
576 4375 707 4430 senatus
730 4365 901 4431 academici
928 4365 1065 4432 decretis
1089 4367 1203 4432 lubens
1219 4368 1348 4455 parebo,
1363 4369 1433 4436 sive
1449 4370 1630 4436 studiorum

369 4489 512 4532 meorum
535 4467 752 4550 directionem,
774 4470 843 4535 sive
865 4492 989 4535 morum
1013 4493 1179 4536 censuram
1201 4482 1402 4538 concernent.
1437 4473 1565 4540 Deinde
1582 4477 1630 4540 in-

365 4571 468 4659 jurias
491 4570 568 4634 mihi
589 4572 695 4638 illatas
717 4582 837 4639 temere
859 4583 892 4639 et
915 4598 954 4640 ex
976 4575 1107 4662 proprio
1130 4576 1287 4641 arbitratu
1308 4578 1414 4663 palam
1436 4579 1489 4643 vel
1505 4580 1629 4644 occulte

369 4700 434 4742 non
463 4674 605 4758 ulciscar,
633 4678 691 4742 sed
718 4679 750 4742 in
779 4679 828 4744 his
853 4688 886 4743 et
908 4679 977 4743 aliis
1001 4679 1077 4744 mihi
1101 4680 1245 4746 molestis
1268 4681 1394 4748 casibus
1417 4685 1552 4748 rectoris
1575 4684 1630 4750 vel
