3564 5624
538 512 622 572 1655
644 511 689 572 trs
713 511 950 572 lonstitutioner.
1301 509 1341 575 19

213 699 242 758 2.
287 695 414 760 Horum
447 695 588 760 officium
623 694 684 759 erit
711 694 794 760 intra
821 695 986 760 octiduum
1013 706 1090 783 post
1115 697 1383 765 introductionem

126 797 204 862 novi
231 800 363 863 rectoris
392 821 570 864 convocare
597 798 758 863 facultatis
787 821 851 864 suae
874 799 1011 885 collegas
1036 808 1069 865 et
1090 800 1210 880 videre,
1234 802 1311 889 quid
1334 826 1389 869 eo-

127 924 197 966 rum
224 903 361 989 quisque
387 903 603 988 proposuerit,
625 910 659 968 et
680 902 829 988 quotiens
852 903 1004 969 lectiones
1027 903 1176 969 habuerit
1196 907 1250 971 vel
1270 905 1387 972 habere

127 1006 306 1092 neglexerit
339 1007 399 1074 sub
432 1006 633 1094 praecedente
667 1016 802 1088 rectore,
836 1006 977 1094 quidque
1006 1009 1066 1075 sub
1098 1032 1184 1075 novo
1206 1032 1387 1097 proponere

128 1113 223 1177 velit:
246 1111 416 1197 omniaque
439 1112 614 1198 asscripta
627 1111 755 1177 tradere
770 1111 897 1194 rectori,
914 1120 950 1175 ut
966 1112 1036 1198 ipse
1052 1134 1125 1178 cum
1141 1113 1332 1179 consistorio
1347 1115 1388 1180 de

129 1216 263 1302 singulis
297 1216 488 1281 sententiam
523 1237 613 1281 suam
646 1215 744 1280 ferat:
779 1214 918 1302 deniqne
941 1237 981 1280 ex
1002 1215 1065 1281 fide
1088 1216 1258 1282 academice
1280 1217 1389 1283 debita

130 1343 197 1386 suae
222 1319 385 1385 facultatis
414 1319 551 1406 collegas
579 1320 762 1400 observare,
790 1341 830 1384 an
858 1342 929 1405 quae
960 1327 1036 1384 sunt
1057 1320 1199 1408 ipsorum
1223 1321 1318 1386 officii
1342 1345 1391 1388 se-

130 1424 207 1490 dulo
230 1424 271 1489 ad
293 1425 558 1489 constitutionum
581 1433 725 1489 tenorem
751 1433 975 1510 exsequantur,
997 1423 1083 1510 quod
1108 1434 1146 1489 ut
1166 1427 1229 1512 ipsi
1244 1433 1392 1491 constare

130 1529 244 1616 possit,
267 1551 308 1594 ex
330 1529 507 1615 improviso
529 1529 683 1594 lectiones
705 1527 925 1615 professorum
948 1551 1013 1593 suae
1036 1529 1195 1595 facultatis
1219 1530 1343 1612 audiet;
1359 1540 1393 1596 et

131 1636 158 1699 si
187 1634 260 1721 quis
289 1634 320 1698 in
351 1633 418 1699 vita
446 1641 480 1698 et
510 1634 756 1699 couversatione
778 1632 962 1697 scandalum
985 1635 1135 1720 praebest,
1157 1657 1229 1700 eum
1253 1637 1338 1700 serio
1361 1644 1394 1702 et

131 1739 235 1803 amice
257 1736 452 1815 admonebit,
476 1745 510 1802 et
531 1736 595 1802 nisi
617 1759 653 1802 se
675 1735 903 1815 emendaverit,
927 1736 969 1802 ad
991 1747 1148 1803 rectorem
1171 1737 1296 1804 deferet
1317 1762 1394 1804 enn-

131 1843 207 1908 dem
229 1850 285 1906 aut
305 1840 346 1906 ad
368 1841 663 1928 procanoellarium,
686 1849 722 1906 ut
743 1841 853 1908 habita
875 1840 1104 1907 deliberatione
1129 1841 1314 1908 emendatio
1331 1845 1395 1930 ipsi

134 1949 317 2036 injungatur
339 1945 380 2010 ad
403 1947 623 2033 praescriptum
647 1946 920 2011 constitutionum.
955 1946 1054 2024 Quod
1077 1949 1104 2012 si
1127 1947 1267 2013 decanus
1289 1948 1395 2013 facere

132 2051 321 2138 neglexerit,
343 2051 510 2116 convictus
533 2073 592 2138 pro
614 2073 717 2117 causoe
738 2049 921 2116 conditione
942 2051 1148 2118 mulctabitur
1168 2051 1210 2116 ad
1230 2074 1395 2118 censuram

133 2164 266 2221 senatus
288 2153 469 2220 academici.

222 2263 251 2324 3.
294 2259 474 2326 Pertinebit
502 2280 630 2345 quoque
652 2257 693 2323 ad
725 2257 866 2342 eosdem,
897 2259 987 2324 utin
1010 2258 1211 2347 disciplinam
1235 2269 1394 2328 etmores

135 2364 355 2430 studiosorum
388 2386 454 2429 suae
486 2363 648 2429 facultatis
682 2364 854 2450 inquirant,
887 2373 921 2428 et
947 2367 1078 2450 siquos
1102 2367 1206 2430 minus
1229 2375 1315 2431 recte
1338 2389 1397 2432 sua

136 2468 244 2535 studia
275 2469 443 2534 instituere
472 2469 698 2549 intellexerint,
726 2491 781 2534 eos
807 2470 840 2534 in
863 2469 1032 2556 collegium
1054 2479 1186 2535 vocatos
1207 2471 1395 2557 gravissime

136 2574 340 2658 admoneant,
373 2582 407 2638 et
437 2595 518 2660 quos
547 2573 797 2639 inemendabiles
827 2576 985 2639 senserint
1006 2576 1125 2639 rectori
1148 2577 1337 2661 significent,
1362 2585 1397 2640 ut

137 2679 179 2746 ad
200 2678 429 2744 consistorium
453 2679 601 2743 citentur.

223 2788 252 2849 4.
298 2781 418 2848 Itidem
440 2782 553 2848 decani
575 2805 730 2870 responsa
744 2783 929 2869 petentibus
946 2782 1068 2848 dabunt
1082 2784 1243 2849 facultatis
1260 2785 1398 2861 nomine,

138 2887 291 2954 adhibitis
314 2889 347 2952 in
369 2887 536 2952 consilium
559 2887 720 2952 facilitatis
743 2887 884 2972 collegis.

227 2996 256 3057 5.
298 2992 503 3057 Privatorum
526 2992 789 3078 publicorumque
812 2992 1037 3058 exercitiorum
1061 3012 1168 3056 curam
1183 3001 1297 3077 gerent
1310 2991 1400 3056 vide·

139 3095 295 3181 buntque,
324 3117 365 3159 ne
394 3096 573 3182 quisquam,
601 3095 663 3160 nisi
685 3096 860 3182 professor,
882 3096 1033 3183 privatim
1057 3095 1192 3181 legendo
1216 3095 1268 3162 vel
1290 3093 1401 3182 dispu-
1427 3087 1430 3091 ’

139 3196 241 3263 tando
269 3199 339 3264 sine
367 3221 525 3264 consensu
552 3199 685 3264 rectoris
713 3209 746 3264 et
767 3199 929 3265 facultatis
952 3198 1076 3264 doceat.
1121 3198 1168 3264 Iis
1191 3207 1308 3284 autem,
1331 3201 1402 3287 qui-

141 3304 202 3368 bus
234 3303 384 3390 privatim
418 3303 554 3369 docendi
586 3303 720 3368 facultas
743 3304 938 3385 conceditur,
966 3311 1000 3369 et
1026 3304 1192 3368 materiam
1221 3312 1253 3368 et
1274 3312 1401 3390 tempus

139 3409 366 3473 exercitiorum
399 3407 595 3473 indicabunt.
640 3406 763 3472 Theses
797 3408 969 3493 inspicient
1002 3415 1035 3472 et
1064 3407 1105 3472 de
1137 3407 1176 3471 iis
1202 3407 1402 3494 judicabunt,

141 3512 306 3592 adhibitis,
339 3513 368 3577 si
394 3535 475 3600 opus
502 3511 608 3594 firerit,
634 3512 775 3598 collegis,
800 3534 972 3598 earumque
995 3534 1094 3576 unum
1117 3512 1280 3599 exemplar
1302 3514 1333 3577 in
1356 3513 1401 3578 fa-

140 3617 271 3683 cultatis
300 3616 465 3683 archivum
492 3616 640 3682 inferent
683 3617 803 3702 Atque,
832 3617 859 3680 si
882 3615 1058 3703 disputatio
1081 3638 1140 3703 pro
1162 3615 1263 3702 gradu
1286 3618 1326 3683 ab
1349 3619 1405 3683 ali-

141 3745 209 3809 quo
232 3721 402 3787 candidato
425 3721 523 3787 fuerit
545 3721 734 3807 conscripta,
755 3721 795 3786 ab
819 3720 931 3785 eodem
947 3720 1215 3806 sesquithalerum
1230 3744 1289 3808 pro
1307 3744 1406 3809 opera

142 3849 205 3892 sna
231 3826 370 3891 decanus
398 3825 537 3892 habebit.
584 3824 764 3906 Cavebunt,
787 3847 827 3890 ne
849 3825 1018 3911 quicquam
1042 3824 1094 3890 vel
1116 3847 1212 3912 prosa
1235 3826 1285 3890 vel
1308 3849 1405 3891 versu

143 3930 333 4013 excudatur,
360 3929 448 4018 quod
471 3930 604 4016 alicujus
626 3929 819 4016 professoris
849 3951 989 3994 censurae
1012 3931 1102 4016 prius
1125 3952 1189 3994 non
1211 3929 1310 3994 fuerit
1332 3931 1407 3998 sub-

137 4037 277 4122 jectum,
299 4044 355 4099 aut
377 4035 417 4101 ab
440 4057 478 4100 eo
501 4034 737 4121 subscriptione
759 4035 898 4099 nominis
921 4057 985 4098 non
1008 4034 1229 4122 approbatum.

235 4141 264 4204 6.
311 4138 519 4204 Peculiariter
553 4161 629 4204 vero
657 4137 879 4225 adjunctorum
911 4139 1061 4204 exercitia
1088 4137 1339 4204 moderabuntur
1360 4141 1408 4204 in·

143 4264 210 4329 que
234 4243 361 4308 illorum
383 4243 580 4329 diligentiam
604 4251 637 4308 et
658 4242 847 4308 industriam
870 4251 1015 4308 accurate
1037 4244 1207 4329 inquirent.

239 4350 267 4413 7.
312 4347 484 4430 Studiosis,
511 4348 574 4412 nisi
602 4369 661 4434 pro
688 4346 789 4434 gradu
821 4347 1058 4434 disputantibus
1081 4349 1134 4412 vel
1156 4347 1233 4412 alias
1257 4347 1408 4433 singulari

146 4475 208 4518 suo
243 4451 391 4539 profectu
424 4452 550 4519 veniam
578 4453 678 4516 totius
704 4460 835 4517 senatus
858 4452 991 4532 meritis,
1014 4450 1250 4537 disputationes
1273 4453 1409 4517 conscri-

145 4559 225 4622 bere
249 4565 345 4643 atque
367 4557 454 4643 typis
477 4555 628 4641 evulgare
650 4577 715 4621 non
739 4556 936 4643 permittent.

239 4665 269 4726 8.
313 4659 476 4739 Quaelibet
490 4660 625 4726 facultas
641 4661 801 4748 peculiare
816 4659 1029 4747 protocollum
1043 4658 1175 4724 habebit
1189 4660 1242 4725 vel
1257 4660 1409 4742 codicem,

149 4764 182 4828 in
208 4788 273 4852 quo
298 4765 478 4830 scribantur
500 4775 534 4832 et
549 4766 777 4852 consignentur
791 4773 862 4829 acta
877 4763 1047 4844 facultatis,
1062 4772 1095 4826 et
1110 4772 1227 4851 praeter
1241 4764 1324 4828 huno
1338 4785 1411 4851 pro·
