3520 5616
543 545 625 605 1655
648 545 694 604 trs
718 545 954 604 lonstitutioner.
1293 537 1333 604 41

117 747 239 804 eorum,
269 749 341 814 quse
369 727 410 793 ad
437 728 530 794 istius
558 729 698 794 muneris
726 735 845 794 rectam
862 729 1049 814 justamque
1070 727 1379 794 administrationem

114 830 300 895 necessaria
332 839 417 904 sunt,
450 853 584 918 quasque
617 831 659 896 ad
692 831 825 917 probam
853 831 1103 918 pharmacopclii
1137 832 1378 895 instructionem

114 931 175 1016 ipsi
198 954 220 996 a
244 943 359 998 senatu
380 933 560 1000 academico
583 935 769 1021 praescripta
785 933 913 1014 fuerint,
928 934 968 999 ad
984 956 1078 1020 quam
1094 935 1283 1000 servandam
1293 937 1381 1022 jure-

111 1033 256 1120 jurando
279 1038 505 1123 obstringetur.

203 1139 234 1200 7.
282 1138 329 1204 Hi
356 1163 484 1227 quoqne
511 1139 804 1227 pharmacopolium
832 1139 930 1204 semel
952 1138 994 1204 ad
1016 1139 1182 1204 minimum
1205 1139 1382 1205 visitabunt

113 1242 301 1324 quotannis,
329 1243 582 1329 quandocunque
610 1243 801 1307 consistorio
831 1241 994 1328 placuerit,
1024 1241 1120 1328 idque
1143 1264 1183 1306 ex
1205 1242 1383 1328 improviso

114 1350 146 1406 et
168 1342 418 1432 pharmacopreo
438 1368 503 1410 non
524 1345 721 1431 praemonito.
755 1343 921 1433 Adjunget
942 1353 1049 1410 antem
1071 1345 1150 1431 ipsis
1167 1353 1297 1410 senatus
1312 1367 1382 1409 aca-

114 1445 262 1513 demicus
296 1472 336 1513 ex
365 1449 584 1536 professorum
612 1471 745 1513 numero
768 1449 952 1514 visitatores
975 1449 1057 1515 dnos
1080 1459 1114 1515 et
1135 1457 1290 1536 praterea
1312 1471 1382 1513 aca-

113 1548 232 1614 demiae
272 1553 487 1632 secretarium,
519 1553 574 1638 qui
603 1552 791 1638 jubentibus
825 1552 1071 1638 inspectoribus,
1104 1553 1131 1616 si
1162 1551 1240 1638 qnid
1269 1559 1382 1617 notatu

115 1651 251 1738 dignum
276 1655 452 1735 obvenerit,
474 1655 507 1720 in
530 1663 602 1720 aeta
623 1654 748 1720 referet
782 1656 870 1733 Quin
887 1655 1004 1742 sapius
1020 1655 1223 1741 particularia
1239 1653 1384 1740 pharma·

114 1756 236 1842 copolii
259 1757 407 1822 examina
429 1759 524 1823 etiam
547 1758 656 1824 licebit
680 1757 821 1836 medicis,
841 1757 1047 1843 quantumvis
1063 1759 1222 1822 renitente
1236 1757 1383 1843 pharma-

114 1880 238 1944 copaeo,
272 1860 449 1938 instituere,
484 1861 512 1924 si
545 1859 673 1946 quando
703 1860 783 1946 ipsis
810 1862 915 1926 visum
943 1861 989 1926 ita
1015 1860 1122 1941 fuerit,
1153 1870 1186 1926 et
1207 1861 1382 1924 necessitas

114 1962 342 2046 postulaverit,
364 1971 522 2050 prasente
545 1962 655 2028 itidem
678 1964 858 2043 secretario,
880 1965 908 2029 si
930 1963 1146 2030 officiumhoc
1163 1963 1291 2050 abipso
1308 1985 1384 2028 con-

4 2105 5 2114 .
117 2065 224 2151 tingat
247 2066 377 2152 requiri.

202 2190 267 2251 4:o.
312 2186 662 2273 Philosophorum.

207 2310 234 2372 1.
282 2308 401 2374 Visum
429 2317 480 2374 est
501 2307 562 2374 8:ae
584 2308 651 2373 rtae
676 2307 760 2390 Mzti,
784 2317 820 2371 nt
842 2305 1071 2372 mathematum
1093 2308 1294 2394 professores
1317 2308 1381 2374 dno

115 2411 191 2491 sint,
215 2433 351 2498 qnorum
375 2413 496 2498 primns
518 2412 769 2499 cosmographus
793 2433 850 2476 seu
872 2411 1083 2497 ptolemaicus
1107 2413 1177 2492 erit,
1200 2421 1233 2477 ct
1254 2413 1384 2480 docebit

115 2516 346 2579 astronomiam
381 2517 554 2602 primorum
590 2526 623 2581 et
656 2515 868 2580 secundorum
899 2515 1074 2595 mobilium,
1108 2517 1382 2602 trigoncmetriam

115 2617 356 2702 sphaericomm,
389 2619 620 2704 gnomonicam,
653 2627 837 2704 computum
867 2617 1127 2698 ecclesiasticum,
1149 2619 1384 2705 geographiam,

116 2742 211 2784 usum
235 2721 401 2807 globorum
424 2745 494 2787 curn
517 2731 585 2787 arte
608 2721 795 2808 navigandi:
818 2720 915 2806 idque
938 2720 1017 2785 hora
1039 2728 1152 2806 quarta
1173 2721 1206 2783 in
1222 2720 1380 2788 auditorio

117 2832 182 2888 vet
206 2827 281 2910 maj.

206 2931 237 3003 2,
285 2927 379 2992 Alter
407 2927 568 2992 euclidem
591 2936 752 3014 proponet
772 2927 1004 2992 arithmeticam
1026 2949 1098 2990 cum
1119 2927 1268 3013 logistica
1289 2951 1382 2993 sexa-

115 3030 250 3115 genaria
288 3038 321 3094 et
359 3029 489 3116 reliquis
526 3031 670 3118 partibus
710 3028 887 3094 doctrinam
918 3051 1123 3095 numerorum
1152 3032 1383 3116 spectantibus,

116 3133 328 3217 geometriam
345 3133 553 3200 theoreticam
572 3143 605 3200 et
621 3134 803 3220 practicam,
815 3133 1296 3218 geodaesiam,trigon0metriam
1316 3136 1384 3220 pla-

117 3258 244 3320 norum,
267 3237 405 3324 opticam
428 3248 461 3304 et
485 3238 728 3303 architecturam
751 3236 886 3316 civilem,
907 3236 1162 3322 monstrabitque
1184 3259 1277 3302 usum
1298 3239 1382 3304 vari-

118 3362 213 3404 orum
235 3341 519 3407 instrumentorum
534 3341 838 3420 mathematicomm,
854 3339 950 3426 idque
967 3338 1046 3404 hora
1062 3340 1158 3405 tertia
1174 3341 1207 3406 in
1223 3341 1382 3408 auditorio

118 3444 239 3520 veteri;
264 3444 416 3530 privatim
437 3468 515 3511 vero
538 3445 605 3510 haec
626 3442 782 3508 tradenda
804 3451 888 3523 sunt,
910 3442 1121 3508 architectura
1142 3444 1297 3527 militaris,
1310 3467 1383 3531 per-

118 3548 268 3634 spectiva
302 3549 449 3635 practica,
476 3549 686 3636 apologistica
707 3546 887 3633 principum
909 3555 943 3611 et
964 3556 1182 3612 mercatorum.

209 3655 238 3717 3.
280 3653 478 3740 Linguamm
500 3652 701 3719 orientalium
722 3650 886 3738 professor
908 3650 1065 3716 hebraeam
1088 3651 1229 3736 linguam
1253 3650 1382 3716 docebit

119 3776 161 3818 ex
197 3756 300 3821 veteri
333 3766 536 3837 testamento,
569 3755 717 3821 caldaeam
749 3777 790 3819 cx
817 3754 901 3820 Esra
923 3763 956 3818 et
976 3752 1122 3835 Daniele,
1151 3755 1229 3820 item
1256 3763 1381 3839 targum

119 3857 269 3940 Oncheli,
295 3859 485 3925 Jonathanis
514 3869 585 3940 ete,
607 3881 713 3946 syram
737 3881 776 3924 ex
799 3879 885 3922 novo
908 3865 1101 3923 testamento
1124 3866 1158 3922 et
1172 3856 1310 3943 psalmis
1326 3856 1383 3921 ali-

118 3961 213 4048 isque
242 3963 380 4049 scriptis,
403 3964 565 4031 arabicam
595 3985 635 4028 ex
663 3961 803 4048 antiquis
829 3961 1000 4026 bibliorum
1024 3959 1225 4025 versionibus
1249 3959 1382 4046 aliisque

120 4064 266 4150 probatis
294 4064 424 4130 arabum
452 4066 590 4153 seriptis,
618 4065 811 4132 rabbinicam
840 4087 879 4129 ex
903 4062 1206 4128 commentatoribus
1229 4063 1260 4126 in
1284 4062 1383 4128 biblia

118 4177 154 4232 et
176 4168 258 4233 aliis.
304 4167 340 4232 Si
362 4167 491 4254 quando
516 4169 681 4258 disputare
704 4167 801 4248 volet,
823 4167 986 4232 materiam
1009 4175 1136 4251 promet
1158 4188 1197 4230 ex
1214 4165 1293 4230 locis
1309 4188 1382 4230 con·

119 4273 279 4338 troversia
312 4281 420 4336 textus
454 4273 571 4354 biblici,
604 4273 662 4338 sed
692 4281 808 4350 tamen,
838 4279 995 4357 quatenus
1026 4269 1141 4334 acrisi
1164 4279 1198 4334 et
1218 4269 1381 4336 idiotismo

114 4376 225 4461 juvari
258 4375 457 4442 orthodoxus
490 4399 587 4442 sacrae
619 4377 784 4461 scriptura
813 4395 927 4438 sensus
957 4381 1073 4459 potest.
1125 4371 1171 4436 Et
1197 4372 1381 4460 hujusmodi

121 4478 367 4565 disputationes,
400 4479 428 4543 si
461 4477 613 4564 dogmata
644 4477 824 4562 theologica
851 4475 1021 4560 attingunt,
1048 4497 1189 4540 censura
1219 4476 1380 4542 facultatis

121 4581 310 4667 theologica
344 4580 550 4668 subjiciendae
585 4589 686 4658 erunt,
721 4580 907 4667 prinsquam
933 4578 966 4642 in
993 4577 1155 4666 publicum
1183 4579 1380 4648 emittuntur.

121 4683 263 4758 Dotebii
284 4685 363 4758 hort
385 4709 469 4760 nona
490 4687 523 4760 in
546 4684 704 4758 auditorio
728 4693 792 4750 vet.
816 4683 890 4751 min.
