3520 5616
396 559 438 623 3⁰
779 561 863 620 1655
885 561 932 620 trs
955 561 1193 621 tonatitntioner.

352 747 474 812 vestitu
500 743 682 809 docentium
709 765 747 808 ac
775 742 966 829 gravitatem
998 745 1243 810 observatu-um
1266 746 1436 832 omniaque
1457 755 1611 829 acturum,

352 871 424 937 qnae
445 848 615 914 academie
637 849 703 912 sint
726 847 840 912 honori
863 857 897 911 et
919 849 1002 919 usui,
1024 871 1160 934 quasque
1174 871 1240 914 suae
1259 873 1406 936 persona
1423 849 1611 936 dignitatem

352 953 533 1032 concilient,
559 951 599 1016 ad
628 972 839 1038 quoacunque
867 959 986 1015 statum
1009 953 1202 1038 pervenerit.
1247 954 1332 1019 Item
1355 961 1380 1036 (z
1402 955 1431 1018 si
1454 955 1487 1018 in
1508 953 1613 1040 pbilo-

352 1057 467 1145 sophia
488 1059 688 1122 examinatus
710 1056 783 1136 sitc)
810 1055 897 1141 quod
920 1056 1075 1120 lectiones
1097 1057 1241 1142 publicas
1262 1058 1482 1144 professorum
1504 1059 1536 1122 in
1560 1081 1612 1124 sn-

352 1161 468 1245 periori
496 1160 660 1240 facultate,
686 1159 737 1223 cni
762 1181 798 1224 se
825 1157 958 1234 addixit,
981 1159 1154 1246 diligenter
1174 1161 1436 1248 stequentatnrus
1457 1163 1517 1242 sit;
1539 1184 1613 1247 pro-

352 1267 461 1330 mittat
488 1264 627 1350 denique
650 1285 686 1329 se
707 1271 894 1328 contentum
915 1262 985 1328 fore
1007 1265 1089 1344 loco,
1110 1285 1206 1350 quem
1227 1265 1290 1330 sibi
1311 1265 1451 1331 decanus
1473 1287 1544 1330 cum
1565 1266 1613 1330 fa·

353 1369 482 1434 cultatis
503 1367 744 1455 professoribus
766 1369 987 1453 assignaturus
1009 1367 1062 1432 sit.

438 1495 468 1554 4.
513 1489 682 1554 Publicum
711 1511 846 1553 examen
873 1489 1030 1553 consistet
1052 1489 1085 1553 iu
1108 1488 1393 1576 disputationibus,
1414 1491 1612 1556 orationibus

353 1602 387 1660 et
408 1593 608 1659 lectionibus.
656 1595 683 1657 l.
706 1592 953 1679 Disputationes
976 1599 1010 1656 et
1031 1593 1184 1657 lectiones
1207 1615 1266 1678 per
1286 1593 1456 1658 intervalla
1477 1595 1562 1674 fient,
1581 1607 1613 1660 et

352 1698 470 1784 singuli
498 1697 640 1784 singulas
668 1696 709 1762 de
736 1695 870 1761 materia
896 1695 966 1760 utili
988 1695 1153 1761 habebunt
1174 1695 1419 1783 disputationes,
1441 1698 1486 1763 ita
1506 1709 1611 1764 tamen

353 1811 390 1867 ut
411 1823 522 1866 omnes
545 1800 676 1866 omnino
697 1799 801 1864 tribus
823 1809 898 1863 ante
920 1801 1154 1885 promotionem
1178 1798 1431 1865 bebdomadibus
1453 1801 1611 1866 finiantur.

352 1906 423 1972 Nec
457 1905 565 1992 plures
597 1904 722 1969 duabus
749 1904 781 1968 in
809 1925 874 1967 una
895 1913 1094 1982 concurrent,
1116 1902 1266 1989 idemque
1287 1902 1328 1968 de
1350 1905 1541 1971 lectionibus
1564 1918 1614 1972 est

353 2008 600 2077 observandum.
646 2011 676 2072 2.
705 2007 872 2094 Cujnsque
898 2006 1059 2072 facultatis
1087 2007 1277 2072 candidatus
1300 2008 1361 2073 snb
1383 2011 1533 2096 prasidio
1555 2035 1613 2099 pro

352 2115 454 2204 guda
487 2113 674 2201 disputabit.
717 2112 842 2177 Praeses
875 2121 983 2176 antem
1016 2113 1078 2176 nisi
1108 2121 1241 2198 urgente
1267 2114 1460 2179 necessitate
1481 2136 1546 2180 uon
1568 2117 1614 2180 lo-

353 2229 480 2307 quetur,
506 2217 583 2305 quin
611 2217 639 2281 si
667 2215 864 2281 sufficienter
884 2215 1090 2302 responderit
1111 2214 1311 2294 candidatus,
1334 2217 1366 2280 in
1389 2220 1459 2303 ejus
1481 2240 1615 2305 respon-

354 2323 444 2388 sione
466 2317 733 2407 aoquiescendum
754 2319 825 2383 erit.
857 2322 886 2382 3.
909 2317 1029 2404 Majori
1052 2328 1207 2404 apparatu
1230 2341 1326 2406 qoam
1347 2319 1426 2384 alies
1448 2321 1516 2385 fieri
1532 2323 1614 2388 solet

354 2425 591 2514 disputationes
618 2419 803 2509 hujusmodi
837 2420 1093 2502 celebrabuntur,
1125 2433 1283 2508 prasente
1309 2423 1458 2488 nimirum
1491 2435 1614 2492 rectore

222 2599 229 2612 ,
354 2535 509 2594 consueta
530 2537 607 2614 toga
629 2535 753 2606 ornato,
774 2535 808 2590 et
829 2525 1013 2590 cursonbus
1036 2537 1164 2612 sceptra
1187 2529 1216 2592 ei
1237 2527 1491 2613 praeferentibus.

441 2655 469 2716 5.
513 2649 616 2714 Porro
649 2649 768 2736 singuli
796 2646 959 2713 candidati
987 2671 1044 2734 per
1073 2647 1309 2735 disputationes
1331 2649 1475 2736 publicas
1498 2652 1616 2716 exami-

354 2756 432 2840 nati,
465 2752 601 2841 legendo
635 2753 731 2818 etiam
761 2774 851 2817 snam
879 2751 1071 2817 industriam
1097 2753 1226 2839 publice
1247 2753 1438 2840 probabrmt.
1482 2753 1617 2820 Sument

355 2868 461 2924 antam
489 2858 655 2922 materiam
681 2856 803 2940 utilem,
825 2878 897 2920 cum
920 2877 1078 2920 consensu
1102 2857 1187 2921 illius
1210 2855 1380 2938 facultatis,
1402 2858 1435 2922 iu
1458 2881 1522 2944 qua
1542 2882 1616 2946 pro-

355 2971 539 3043 moveutnr3
562 2972 596 3026 et
622 2960 704 3026 hano
726 2961 890 3024 materiam
914 2969 1001 3024 recte
1023 2968 1190 3024 nannum
1213 2960 1245 3024 in
1267 2960 1472 3026 sacrdtatibus
1495 2963 1618 3050 superi-

355 3067 464 3132 oribus
493 3075 653 3154 quattuor,
681 3067 714 3130 in
741 3063 945 3151 philosophia
973 3086 1051 3128 vero
1079 3062 1203 3129 duabus
1226 3063 1417 3130 lectionibus
1439 3065 1616 3132 absolvent.

441 3191 472 3256 6.
516 3187 728 3252 Examinibus
751 3186 811 3252 hoc
833 3185 930 3250 modo
952 3185 1057 3266 factis,
1078 3187 1273 3252 convenient
1294 3187 1482 3253 facultatum
1505 3186 1617 3252 decani

355 3315 428 3358 cnm
460 3291 591 3378 collegis
625 3292 772 3379 proximo
806 3299 880 3357 aute
912 3291 1147 3378 promotionem
1178 3293 1242 3372 die,
1264 3301 1298 3356 et
1319 3293 1490 3378 unicuique
1513 3293 1618 3358 locum
1757 3349 1758 3358 ,

355 3397 565 3482 assignabunt
597 3396 773 3461 secundum
808 3393 1034 3460 eruditionem:
1073 3393 1183 3460 habita
1216 3405 1322 3459 tamen
1356 3395 1464 3481 aliqua
1494 3394 1617 3460 ratione

356 3512 382 3578 (ι
398 3501 514 3566 ceteris
537 3500 695 3587 peribam)
717 3501 830 3580 aetatis,
851 3507 908 3563 ant
931 3520 1050 3578 eorum,
1072 3499 1127 3584 qui
1150 3500 1182 3563 in
1205 3501 1313 3564 officio
1328 3499 1457 3586 publico
1472 3508 1549 3564 sunt
1566 3498 1618 3565 vel

359 3603 498 3669 fuerunt.

443 3757 530 3824 HI:o
574 3758 651 3837 Qui
674 3758 776 3823 ritus
799 3758 835 3822 in
860 3757 1180 3845 promotionibus
1202 3756 1426 3823 adhibendi.

446 3883 474 3945 1.
519 3878 737 3946 Promovcndi
759 3901 874 3944 munus
898 3879 930 3943 in
953 3901 1142 3965 unaquaque
1160 3878 1314 3945 facultate
1327 3880 1368 3944 ab
1383 3881 1529 3947 omnibus
1545 3905 1618 3970 pro
1755 3897 1757 3978 j

358 3983 536 4049 sessoribus
566 3982 679 4048 ordine
709 3983 864 4063 obibitur;
886 4005 945 4048 nec
966 3983 1144 4070 quisquam,
1165 3983 1221 4069 qui
1244 3982 1405 4049 ordinario
1427 3987 1619 4072 professoris

362 4087 468 4152 officio
490 4087 643 4173 fungitur,
664 4087 716 4151 bic
736 4087 925 4174 negligetur.

445 4195 474 4256 2.
521 4191 572 4257 De
599 4190 716 4257 idoneo
748 4191 958 4279 promotionis
991 4200 1136 4282 tempore
1175 4193 1401 4259 consistorium
1434 4198 1536 4282 majus
1569 4197 1618 4282 ju·
1754 4269 1755 4274 ἵ

359 4292 487 4360 dicabit

448 4403 476 4465 3,
519 4399 595 4477 Quo
617 4399 803 4483 constituto,
826 4397 965 4464 decanus
988 4421 1058 4464 oum
1075 4422 1233 4464 consensu
1249 4403 1496 4488 procauoellarii,
1513 4405 1619 4470 missis

360 4503 402 4568 ad
425 4503 645 4569 cancellarium
667 4504 780 4584 literis,
801 4512 892 4590 petet
912 4504 953 4569 ab
975 4504 1047 4592 ipso
1069 4504 1229 4569 licentiam
1251 4505 1380 4571 creandi
1402 4507 1550 4574 doctores
1568 4508 1620 4574 vel

361 4609 546 4695 magistros:
569 4609 633 4694 qni,
654 4609 717 4674 nisi
740 4610 811 4694 ipse
833 4606 981 4679 adfuerit.
1005 4631 1079 4672 suas
1104 4607 1189 4673 vices
1205 4612 1453 4696 procancellario
1469 4613 1619 4698 singulari

360 4714 483 4800 scripto
507 4712 751 4777 commendabit.
