3564 5624
432 535 473 596 22
821 536 903 594 1655
924 536 970 594 trs
994 536 1232 595 loratitntioner.

389 721 422 784 in
444 719 506 784 alia
528 719 625 784 etiam
647 718 826 785 eruditione
849 720 976 806 egregie
998 719 1180 806 profecerit,
1202 722 1231 786 si
1253 729 1369 788 cratera
1391 723 1457 788 sint
1479 724 1579 810 paria,
1600 745 1649 788 re-

390 821 485 907 liquis
508 821 704 908 praeferatur.

477 928 505 988 2.
551 925 616 990 Hic
648 929 675 990 1.
709 926 834 991 curabit
866 926 951 992 bona
982 933 1016 992 et
1041 925 1159 991 fundos
1181 926 1362 1007 academias,
1385 931 1413 992 2.
1438 928 1562 995 reditus
1584 938 1650 996 tam

390 1027 568 1094 ordinarios
595 1052 691 1115 quam
718 1029 998 1113 extraordinarios,
1027 1035 1051 1112 (t
1067 1031 1148 1094 inter
1176 1053 1257 1116 quos
1286 1031 1383 1096 etiam
1411 1035 1537 1098 mulctae
1564 1035 1650 1100 colc-

390 1155 504 1198 norum
526 1132 696 1200 academia
719 1143 815 1220 atque
835 1134 935 1198 arrhas
950 1133 1172 1199 conductionis
1188 1134 1380 1222 prediorum
1396 1137 1619 1224 computandas
1630 1146 1650 1217 ε)

390 1237 584 1322 tempestive
606 1237 744 1322 colliget,
765 1240 799 1301 in
821 1261 986 1303 nummum
1008 1239 1036 1304 si
1058 1261 1109 1303 res
1132 1239 1178 1303 ita
1199 1240 1311 1304 tulerit
1331 1249 1499 1307 convertet
1520 1265 1557 1307 ac
1574 1265 1652 1308 rara·

391 1340 439 1405 rio
469 1339 595 1418 inferet,
619 1339 787 1406 dimidium
808 1365 939 1406 summae
966 1341 1008 1407 ad
1037 1342 1228 1428 vigesimum
1249 1342 1335 1408 diem
1357 1343 1557 1426 Decembris,
1579 1348 1651 1412 reli·

392 1467 490 1530 quurn
521 1445 606 1508 intra
635 1447 676 1509 23
705 1445 804 1511 Junii.
852 1449 880 1510 3.
915 1444 1088 1511 Domioilia
1115 1454 1149 1511 et
1175 1446 1321 1512 cubicula
1347 1449 1476 1534 publica
1497 1450 1651 1517 studiosis

392 1549 525 1634 aliisque
555 1548 724 1614 academiae
753 1551 903 1616 membris
932 1550 1116 1637 petentibus
1139 1551 1242 1638 pretio
1264 1551 1390 1618 locabit.
1436 1557 1465 1618 4.
1496 1554 1651 1622 Rationes

393 1653 515 1738 accepti
543 1661 577 1719 et
598 1655 732 1739 expensi
754 1655 837 1718 eirca
857 1654 976 1719 festum
999 1653 1031 1719 S.
1055 1654 1187 1720 Thomae
1209 1657 1326 1720 rectori
1349 1663 1383 1722 et
1404 1659 1506 1724 aerarii
1526 1660 1652 1748 inspec-

392 1757 519 1822 toribus
542 1756 657 1822 reddet
678 1757 727 1823 bis
751 1757 939 1846 descriptas,
961 1757 1002 1823 de
1024 1759 1141 1845 quibus
1163 1759 1299 1824 alterum
1322 1761 1580 1848 exemplar-cum
1595 1764 1652 1830 do-

393 1869 613 1926 cumentorum
642 1862 724 1927 libro
746 1862 779 1926 in
804 1862 934 1928 archivo
957 1862 1126 1928 academiae
1149 1873 1295 1950 reponet,
1318 1865 1454 1930 alterum
1477 1867 1651 1934 secundum

393 1964 585 2030 documenta
612 1975 758 2032 accurate
786 1969 1000 2033 examinatum
1029 1977 1125 2054 atque
1154 1969 1452 2055 aprocancellario,
1473 1981 1597 2038 rectore
1620 1983 1654 2039 et

394 2071 494 2135 aerarii
521 2070 756 2157 inspectoribus
785 2072 1000 2159 subscriptum
1028 2071 1195 2138 academias
1225 2075 1412 2140 cancellario
1435 2077 1599 2143 exhibebit
1620 2081 1653 2144 in

393 2174 481 2261 regia
508 2197 633 2240 camera
662 2175 892 2241 asservandum
899 2201 907 2257 ;
941 2179 1082 2242 rationes
1110 2177 1245 2243 reddere
1268 2180 1522 2267 quotiescunque
1544 2183 1654 2248 admo·

393 2279 480 2343 nitus
514 2281 699 2365 neglexerit,
732 2280 842 2345 decem
869 2281 1000 2346 thaleris
1031 2283 1197 2368 plectetur,
1218 2281 1306 2369 quod
1329 2282 1498 2369 diligenter
1520 2287 1654 2372 singulis

395 2383 519 2449 vicibus
541 2383 573 2448 in
597 2385 788 2450 consistorio
811 2385 981 2450 notabitur.
1021 2385 1057 2450 si
1079 2395 1185 2450 autem
1208 2395 1277 2452 toto
1299 2409 1383 2452 anno
1405 2388 1511 2454 faeere
1533 2390 1593 2454 hoc
1607 2391 1654 2478 ip·

396 2510 464 2551 sum
489 2487 674 2573 neglexerit,
695 2489 822 2574 cognita
844 2512 949 2572 causa,
974 2490 1126 2575 punietur
1140 2499 1235 2576 atque
1252 2491 1291 2556 ab
1308 2491 1412 2556 officio
1427 2495 1652 2560 removebitur.

394 2590 498 2677 quue
529 2592 754 2657 consistorium
783 2593 895 2658 sedulo
923 2593 1119 2676 observabit,
1151 2595 1202 2659 oui
1230 2603 1266 2659 ut
1295 2605 1328 2660 et
1349 2594 1517 2662 academiae
1538 2603 1655 2666 rectori

395 2715 460 2758 non
482 2695 587 2759 minus
610 2717 705 2781 quam
727 2696 781 2760 alii
804 2697 967 2783 subjectus
991 2699 1059 2763 erit.
1106 2699 1223 2764 Nullus
1246 2707 1353 2764 autem
1376 2699 1572 2784 admittatur,
1592 2705 1654 2769 nisi

391 2800 608 2883 juramentum
631 2799 830 2885 subsequens
853 2801 1048 2886 praetiterit

764 2974 1033 3040 duramentum
1065 2976 1285 3062 quaestoris.

481 3094 553 3179 Ego
580 3095 620 3159 N.
650 3095 691 3159 N.
721 3105 830 3161 sancte
857 3097 1021 3182 promitto,
1043 3097 1249 3162 serenissimo
1272 3120 1309 3162 ao
1331 3097 1556 3184 potentissimo
1578 3096 1655 3182 regi,

397 3197 541 3263 (lanoso
576 3199 754 3278 GususVO,
787 3199 917 3266 domino
951 3224 1023 3266 meo
1052 3201 1309 3283 clementissime,
1340 3205 1473 3288 ejusque
1505 3199 1655 3287 legitimis

397 3303 635 3368 successoribus
662 3303 893 3389 subjectionem
916 3327 952 3370 ac
975 3305 1223 3387 venerationem,
1245 3305 1352 3392 quoad
1374 3307 1493 3387 vivam,
1513 3327 1563 3370 me
1578 3327 1656 3390 prae·

398 3407 561 3486 stiturum;
589 3415 657 3470 tum
685 3407 717 3470 in
749 3408 890 3493 legitime
914 3407 1020 3473 delato
1043 3432 1174 3474 munere
1197 3409 1346 3476 obeundo
1368 3410 1443 3476 fidei
1465 3418 1499 3475 et
1520 3409 1654 3494 integri-

397 3511 473 3574 tatis
496 3512 652 3574 rationem
676 3519 749 3576 ante
772 3513 878 3576 omnia
899 3511 1092 3595 habiturum,
1114 3515 1290 3579 commodis
1313 3514 1569 3599 utilitatibusque
1585 3534 1658 3576 aca-

399 3613 509 3679 demiae
543 3614 687 3678 studiose
721 3615 971 3699 invigilaturum,
993 3616 1116 3682 damnis
1139 3640 1217 3683 vero
1241 3627 1274 3683 et
1295 3616 1504 3686 incommodis
1527 3638 1586 3703 pro
1610 3617 1659 3681 vi-

399 3719 487 3783 ribus
517 3717 644 3783 obviam
673 3718 809 3783 iturum:
838 3719 960 3785 reditus
988 3723 1056 3806 ejus
1088 3743 1211 3786 annuos
1234 3723 1428 3809 tempestive
1451 3721 1659 3786 collecturum

400 3844 520 3908 eosque
542 3822 583 3886 ad
605 3822 812 3887 illustrissimi
835 3824 1012 3888 cancellarii
1035 3835 1068 3889 et
1089 3835 1219 3891 senatus
1243 3826 1414 3895 academici
1437 3827 1661 3913 praescriptum

400 3926 710 3991 administraturum:
740 3925 900 3991 redactam
930 3927 1004 3992 inde
1034 3930 1201 4015 pecuniam
1229 3930 1340 3996 faenori
1363 3929 1404 3996 ad
1426 3953 1478 3996 me
1499 3928 1660 3994 redunda-

401 4041 472 4095 turo
506 4052 570 4095 non
604 4030 834 4115 expositurum,
866 4052 925 4094 nec
954 4031 996 4095 ad
1023 4033 1165 4118 privatas
1193 4035 1428 4121 negotiationes
1459 4034 1661 4112 collaturum,

402 4143 536 4220 excepto
566 4132 727 4220 stipendio
755 4155 827 4198 meo
856 4157 976 4216 annuo,
1004 4136 1062 4200 sed
1084 4138 1237 4225 quicquid
1258 4141 1400 4226 pecuniae
1423 4147 1594 4203 numeratae
1617 4159 1661 4201 ex

401 4238 572 4303 fundorum
606 4259 703 4302 censu
738 4239 789 4302 vel
817 4261 948 4304 annonae
976 4239 1183 4307 distractione
1204 4244 1311 4330 parari
1334 4252 1439 4329 queat,
1462 4242 1570 4306 aerario
1593 4251 1662 4306 sta-

402 4343 458 4407 tim
489 4343 663 4423 illaturum,
693 4340 831 4428 indeque
859 4343 1020 4429 stipendia
1047 4347 1160 4433 cuique
1188 4356 1333 4433 tempore
1366 4354 1496 4426 statuto,
1518 4368 1662 4432 prasen-

401 4447 487 4511 tibus
511 4447 611 4510 aerarii
633 4446 878 4532 inspectoribus,
889 4450 977 4534 juste
994 4449 1247 4531 distributurum,
1262 4451 1379 4516 nullius
1395 4449 1504 4515 odium
1520 4450 1572 4514 vel
1586 4472 1663 4536 gra-

401 4551 478 4615 tiam
500 4549 711 4636 respiciendo.
757 4549 909 4635 Spondeo
938 4553 1032 4618 etiam
1056 4554 1228 4620 fundorum
1250 4555 1419 4620 academias
1442 4553 1663 4620 conservatio-

401 4677 474 4719 nem
501 4663 596 4738 atque
624 4655 780 4718 culturam
807 4655 895 4720 cordi
922 4656 999 4721 mihi
1022 4658 1102 4741 fore,
1125 4661 1255 4724 colonos
1277 4659 1366 4745 ipsos
1389 4659 1497 4745 inique
1518 4679 1570 4722 me
1592 4679 1661 4722 non

400 4766 617 4838 tractaturum,
648 4766 704 4822 aut
736 4759 845 4828 aliena
879 4759 968 4848 ipsos
1002 4760 1127 4836 libidini
1154 4785 1191 4832 ac
1217 4764 1381 4832 vexationi
1408 4763 1657 4859 permissurum:
