3520 5616
372 504 413 568 40
751 503 832 564 1655
856 505 901 562 irs
926 504 1166 564 kcnstitutioner.

328 693 389 758 bus
400 688 555 754 instituet.
578 687 726 773 Itemque
739 711 779 753 eu
786 688 860 774 jure
872 710 1039 754 suecorum
1050 687 1138 753 civili
1149 687 1276 774 privato
1287 687 1421 753 selectas
1426 686 1598 774 juventuti

330 794 524 881 quaestiones
547 789 587 855 ad
610 791 700 876 regni
726 799 844 856 statum
869 800 902 856 et
920 792 1045 878 praxim
1065 792 1226 856 forensem
1242 790 1497 856 accommodatas
1519 813 1599 877 pro-

327 905 443 983 ponet;
466 895 552 979 leget
573 902 681 958 autem
702 893 954 960 antemeridiana
972 895 1050 959 hora
1064 917 1149 960 nona
1165 895 1198 959 in
1213 893 1374 959 auditorio
1388 895 1594 980 gustaviano.

416 997 583 1061 Secundus
614 997 834 1062 institutiones
859 997 941 1084 juris
964 997 1067 1062 civilis
1096 997 1229 1076 romani,
1256 997 1381 1083 legibus
1410 996 1522 1083 patriae
1545 1019 1598 1062 ac-

328 1099 556 1179 commodatas,
578 1099 750 1184 quotannis
773 1100 921 1166 absolvet
945 1099 1097 1186 dabitque
1124 1121 1264 1186 operam,
1287 1109 1323 1162 ut
1346 1099 1494 1180 studiosi,
1521 1123 1597 1186 per-

329 1202 430 1290 ceptis
460 1203 543 1288 juris
577 1203 753 1282 elementis,
786 1224 882 1287 quam
915 1201 1067 1268 facillima
1093 1202 1147 1267 via
1174 1203 1214 1268 ad
1242 1203 1314 1289 ipsa
1330 1203 1596 1289 jurisprudentiae

330 1328 468 1370 romanae
491 1305 589 1390 adyta
610 1305 644 1369 in
665 1305 790 1391 reliquo
813 1305 898 1370 illius
914 1306 998 1391 juris
1020 1327 1154 1391 corpore
1176 1305 1385 1385 deducantur,
1406 1306 1595 1370 monstratis

329 1411 436 1495 legum
469 1430 670 1474 romanarum
704 1408 893 1488 rationibus,
926 1408 1027 1494 magis
1058 1429 1098 1472 ex
1121 1409 1195 1494 jure
1223 1408 1360 1474 naturali
1387 1416 1420 1474 et
1442 1408 1596 1494 positivo,

329 1511 440 1576 divino
464 1522 497 1575 et
518 1511 666 1591 humano,
687 1510 829 1596 gentium
852 1511 1011 1597 praecipue
1034 1511 1249 1592 monadorum,
1268 1534 1362 1598 quam
1386 1534 1425 1576 ex
1448 1513 1546 1576 variis
1562 1519 1598 1575 et

331 1639 395 1681 non
428 1615 617 1680 necessariis
652 1615 862 1700 interpretum
896 1615 1155 1702 allegationibus:
1186 1614 1315 1680 docebit
1343 1624 1451 1680 autem
1472 1616 1594 1680 hora2

331 1719 559 1806 pomeridiana.
606 1717 713 1782 Ambo
751 1739 828 1782 vero
863 1717 1062 1803 professores
1086 1719 1169 1805 juris
1197 1718 1231 1782 in
1259 1718 1320 1783 hoc
1341 1719 1535 1800 incumbent,
1558 1727 1596 1782 ut

330 1824 512 1907 quotannis,
540 1821 609 1886 sive
639 1820 679 1886 ab
707 1819 786 1905 ipsis
809 1821 977 1906 pervices
1000 1821 1070 1886 sive
1092 1821 1132 1886 ab
1155 1819 1307 1907 adjuncto
1330 1821 1474 1907 ejusdem
1495 1821 1597 1886 facul·

330 1925 416 2003 tatis,
433 1926 488 2010 jus
511 1924 674 2009 publicum
697 1923 889 2004 universale,
911 1923 998 2010 quod
1016 1924 1101 1989 inter
1122 1925 1260 2010 populos
1281 1925 1389 2011 plures
1406 1932 1440 1988 et
1454 1945 1595 1988 summas

330 2027 522 2114 populorum
545 2034 723 2114 potestates
746 2049 824 2112 pace
847 2034 880 2091 et
901 2027 985 2092 bello
1008 2028 1187 2108 intercedit,
1209 2037 1408 2114 proponatur
1431 2026 1593 2112 privatim.

418 2153 477 2214 3:o.
513 2146 767 2212 Medicorum.

418 2272 446 2333 l.
492 2268 545 2332 Ex
567 2267 804 2355 professoribus
827 2268 993 2333 medicina
1014 2269 1137 2355 primus
1160 2269 1319 2355 practicus
1343 2268 1414 2347 erit,
1437 2277 1470 2333 et
1492 2292 1532 2335 ex
1548 2271 1597 2333 in·

333 2371 555 2438 stitutionibus
584 2370 749 2436 medicinae
778 2373 949 2456 quotannis
981 2379 1241 2460 proponatque:
1265 2372 1434 2436 sanitatem
1457 2381 1522 2436 tam
1545 2381 1597 2436 tu-

334 2476 449 2541 endam
472 2498 567 2561 quam
590 2474 830 2557 restituendam,
854 2475 1065 2560 medendique
1089 2473 1276 2540 methodum
1299 2485 1332 2540 et
1353 2475 1459 2541 media
1474 2475 1596 2542 diocte-

333 2581 405 2660 tica,
428 2577 605 2664 chirurgica
627 2586 661 2643 et
682 2577 937 2664 pharmaceutica
958 2587 1166 2643 concernunt:
1189 2577 1318 2643 docebit
1338 2577 1424 2643 hora.

420 2686 448 2746 2.
495 2681 662 2747 Secundus
691 2680 861 2767 quotannis
890 2679 997 2745 tradet
1023 2682 1198 2767 physicam,
1223 2691 1318 2746 etex
1341 2681 1596 2749 institutionibus

335 2784 499 2850 medicinae
522 2807 591 2849 eam
614 2794 738 2870 partem
761 2805 831 2869 quae
857 2783 923 2868 agit
942 2781 982 2847 de
999 2805 1132 2870 corpore
1146 2784 1295 2863 humano,
1312 2785 1431 2849 morbis
1447 2794 1480 2850 et
1497 2785 1596 2870 signis

334 2889 533 2953 morborum:
556 2895 652 2972 atque
675 2886 748 2951 ideo
764 2887 974 2965 anatomioen,
989 2886 1156 2951 botaniceu
1173 2895 1207 2951 et
1221 2885 1395 2972 chymicen,
1412 2909 1470 2952 suo
1487 2911 1597 2974 quarn-

333 3014 396 3078 que
419 2990 514 3056 modo
539 2999 571 3054 et
593 2999 747 3076 tempore,
769 2989 996 3053 convenienter
1019 2988 1170 3054 tractabit
1191 2997 1225 3053 et
1242 2991 1406 3076 juventuti
1429 2991 1471 3056 ob
1487 2991 1596 3056 oculos

334 3103 441 3181 ponet.
488 3093 671 3158 Sectionem
699 3115 776 3158 vero
804 3091 1013 3156 anatomicam
1041 3090 1081 3155 ad
1106 3092 1271 3158 minimum
1300 3093 1445 3179 quolibet
1466 3095 1595 3160 biennio

334 3197 432 3262 semel
447 3197 605 3276 instituet,
620 3195 847 3282 suppeditante
863 3193 1016 3281 praefecto
1031 3195 1113 3258 arcis
1129 3194 1304 3260 humanum
1321 3194 1466 3262 cadaver.
1499 3197 1598 3284 Speo-

333 3309 453 3364 tatores
477 3299 593 3384 singuli
617 3321 710 3364 unam
729 3320 867 3362 marcam
884 3297 1020 3376 solvent,
1035 3320 1075 3362 ex
1095 3298 1211 3383 quibus
1227 3301 1405 3364 anatomico
1421 3299 1597 3379 dimidium,

335 3405 493 3489 reliquum
520 3404 597 3468 fisco
624 3403 785 3468 facultatis
810 3401 940 3467 medicae
962 3401 1064 3467 cedet.
1110 3403 1316 3468 Professores
1339 3411 1446 3468 tamen
1470 3413 1503 3470 et
1524 3413 1594 3469 stu-

335 3507 419 3572 diosi
440 3507 605 3571 medicinae
627 3507 726 3593 gratis
749 3505 789 3570 ad
813 3505 1043 3592 inspectionem
1070 3504 1288 3572 admittentur.

423 3613 450 3675 3.
494 3609 593 3686 Quod
618 3611 646 3674 si
676 3618 809 3693 uterque
832 3608 861 3672 ei
883 3607 985 3672 labori
1007 3631 1065 3694 per
1087 3609 1174 3674 vices
1198 3632 1337 3696 praesse
1359 3610 1507 3692 voluerit,
1530 3621 1596 3674 tum

336 3713 400 3778 duo
431 3712 477 3777 illi
511 3711 627 3777 medici
661 3712 826 3797 pecuniam
859 3713 1039 3775 anatomico
1072 3711 1213 3777 debitam
1248 3714 1333 3778 inter
1365 3735 1400 3778 se
1434 3713 1598 3798 aequaliter

337 3816 494 3883 divident.

422 3926 451 3986 4.
497 3919 644 3986 Cadaver
676 3927 806 4006 peracta
840 3918 981 3985 sectione
1015 3921 1080 3983 ritu
1113 3927 1267 3985 consueto
1299 3921 1482 4009 sepelietur,
1503 3923 1597 3986 comi·

336 4032 425 4089 tante
447 4023 626 4089 anatomico
650 4032 683 4088 et
703 4022 870 4088 medicinae
893 4021 1047 4086 studiosis
1070 4022 1257 4111 caeterisque
1279 4025 1523 4111 spectatoribus.

425 4131 454 4192 5.
500 4126 646 4211 Uterque
674 4134 781 4190 autem
811 4125 952 4191 medicus
981 4125 1102 4210 aliquid
1133 4149 1174 4191 ex
1195 4126 1396 4214 Hippocrate
1419 4136 1453 4193 et
1475 4127 1598 4193 Galeno

338 4253 396 4318 per
423 4231 511 4295 vices
539 4236 709 4316 proponet.
754 4229 871 4294 Danda
898 4231 1030 4315 insuper
1056 4253 1163 4316 opera,
1186 4239 1222 4294 ut
1244 4230 1387 4316 chymica
1407 4230 1599 4298 laboratoris

338 4336 515 4400 habeantur
548 4343 581 4398 et
614 4341 831 4413 exerceantur,
864 4342 901 4398 ut
933 4355 1011 4398 usus
1044 4334 1184 4420 physicae
1217 4335 1249 4399 in
1283 4335 1443 4400 medicina
1473 4335 1598 4421 plenius

340 4439 508 4505 elucescat.

426 4543 454 4604 6.
500 4538 661 4604 Praeterea
688 4539 801 4603 horum
831 4538 996 4623 utriusque
1026 4537 1165 4602 officium
1187 4539 1248 4604 erit
1270 4539 1415 4605 sedulam
1436 4563 1544 4604 curam
1566 4540 1598 4603 in

340 4645 616 4741 pharmacopaeum
645 4640 810 4716 intendere
838 4663 900 4724 nec,
918 4642 1112 4737 permittere,
1136 4652 1171 4707 ut
1192 4641 1360 4737 quicquam
1383 4642 1437 4714 ille
1459 4642 1599 4730 negligat
