3564 5624
1316 241 1325 279 l

544 531 626 590 root
650 531 695 590 dra
719 530 957 591 lonstitutloner.
1308 527 1347 590 17

246 714 275 777 2.
321 710 379 776 De
401 712 677 798 professorum
706 714 924 779 electorum
951 712 1271 778 confirmatione.

214 847 386 916 Professor
419 873 501 916 unus
534 859 590 916 aut
617 852 735 938 plures,
766 851 957 916 unanimiter
984 860 1040 916 aut
1061 851 1206 939 pluribus
1229 851 1390 938 suffragiis

126 951 293 1032 nominati,
316 952 414 1020 edent
436 953 610 1040 specimina
633 953 828 1042 disputando
851 955 920 1018 sine
941 955 1087 1040 praeside,
1103 964 1158 1021 aut
1172 955 1235 1019 alio
1252 955 1390 1042 quodam

127 1055 300 1120 sufficienti
334 1056 440 1138 modo,
473 1080 543 1143 quae
574 1060 602 1124 si
628 1059 807 1146 approbata
834 1057 966 1137 fuerint,
999 1058 1187 1124 cancellario
1217 1067 1391 1145 praesenta·

127 1157 249 1223 buntur
276 1182 295 1224 a
322 1167 436 1224 senatu
464 1160 646 1226 academico
676 1184 747 1225 cum
777 1159 1051 1226 commendatione
1073 1162 1205 1227 rectoris
1229 1183 1287 1247 pro
1310 1169 1391 1227 tem-

128 1283 219 1347 pore,
241 1263 292 1326 cui
314 1263 580 1349 procaucellarius
604 1263 843 1350 subscripserit:
866 1261 964 1349 idque
988 1286 1026 1329 eo
1048 1265 1113 1344 fiet,
1131 1265 1238 1350 utqui
1254 1265 1391 1329 maxime

128 1363 265 1430 idoneus
286 1364 387 1430 fuerit
403 1365 575 1453 judicatus,
597 1367 774 1432 confirmari
796 1388 815 1431 a
837 1365 891 1431 Sza
912 1365 973 1431 Ra
995 1363 1108 1452 Majzte
1123 1369 1237 1453 possit,
1254 1369 1323 1433 sine
1338 1390 1392 1432 cu-

123 1468 178 1553 jus
202 1468 440 1533 confirmatione
463 1491 557 1534 nemo
580 1467 622 1534 ad
643 1469 877 1556 professionem
900 1469 1096 1535 admittetur.
1142 1468 1177 1534 Si
1200 1471 1272 1556 quis
1295 1473 1327 1535 in
1345 1471 1392 1534 of·

127 1570 201 1634 ficio
224 1569 404 1636 academico
427 1571 610 1658 aliquandiu
630 1571 817 1638 industriam
834 1597 924 1639 suam
940 1573 1098 1660 probavit,
1114 1573 1236 1637 caeteris
1252 1573 1392 1659 paribus

129 1695 195 1759 prro
219 1673 288 1740 aliis
311 1673 593 1740 commendabitur.

408 1866 437 1930 3.
482 1863 539 1929 De
563 1864 779 1930 eorundem
801 1864 1112 1930 introductione.

221 1989 247 2050 1.
291 1983 412 2049 Rector
433 2008 554 2052 novum
576 1985 803 2073 professorem,
826 1984 954 2073 publico
977 1994 1211 2072 programmate
1234 1985 1320 2071 typis
1337 2007 1392 2050 cx-

130 2109 207 2152 cuso
236 2085 339 2174 pridie
368 2089 544 2175 proposito,
576 2089 734 2177 postridie
757 2087 940 2155 introducet
962 2087 1136 2154 solenniter
1159 2097 1192 2154 et
1208 2090 1391 2174 juramento

130 2190 163 2255 iu
192 2190 343 2256 cathedra
370 2200 444 2257 ante
474 2193 694 2258 recitationem
720 2192 915 2278 inauguralis
938 2193 1091 2257 orationis
1114 2190 1295 2279 praestaudo
1320 2215 1391 2257 eum

131 2293 318 2379 adstringet,
340 2303 436 2381 atque
459 2296 492 2359 iu
515 2295 659 2361 ordinem
674 2295 904 2383 professorium
921 2295 1050 2377 referet,
1066 2295 1252 2380 curabitque
1269 2303 1304 2359 ut
1318 2317 1392 2382 pro·

131 2396 281 2462 fessionis
304 2397 398 2478 illius,
421 2421 490 2485 quae
513 2399 667 2464 hactenus
696 2407 876 2479 vacaverat,
898 2399 1051 2463 exercitia
1072 2421 1166 2484 quam
1191 2397 1329 2483 primum
1345 2420 1391 2462 re·

131 2509 297 2584 vocentur,
320 2502 439 2567 abillo
462 2500 515 2567 die
536 2505 706 2589 gavisurus
730 2501 878 2567 ordinato
902 2501 963 2566 sibi
986 2501 1112 2570 salario.

219 2607 247 2668 2.
292 2603 517 2670 duramentum
545 2615 661 2687 autem,
692 2604 781 2693 quod
810 2605 946 2691 quisque
973 2604 1191 2692 professorum
1219 2605 1393 2692 prestabit,

131 2706 195 2771 tale
218 2715 283 2771 est:

217 2807 289 2895 Ego
304 2808 346 2873 N.
358 2810 399 2874 N.
413 2819 522 2876 sancte
538 2810 703 2898 promitto,
717 2833 768 2876 me
783 2812 817 2875 in
833 2833 910 2877 vera
924 2809 987 2876 lide
1004 2808 1101 2874 sacris
1118 2809 1286 2897 scripturis
1302 2818 1392 2897 pate-
1492 2867 1496 2878 .

131 2911 218 2976 facta
240 2920 274 2976 et
295 2912 482 2997 apostolico,
510 2913 642 2994 nicaeno,
664 2913 871 2979 athanasiano
893 2911 1047 3000 symbolis
1068 2911 1211 2977 breviter
1232 2935 1393 3001 expressa,

132 3037 169 3080 ac
189 3015 329 3100 genuina
350 3017 541 3102 Augustana
562 3017 765 3081 confessione
788 3024 822 3081 ct
843 3016 977 3081 concilio
1002 3013 1187 3101 Upsaliensi
1207 3025 1337 3103 recepta
1352 3015 1392 3080 ad

131 3119 226 3183 finem
259 3118 335 3183 vitae
368 3129 658 3204 perseveraturum.
707 3117 835 3184 Deinde
869 3117 1074 3184 serenissimo
1107 3141 1144 3182 ac
1169 3119 1393 3206 potentissimo

133 3221 270 3307 principi
298 3242 335 3285 ac
363 3221 493 3287 domino
521 3222 573 3288 dn.
602 3222 748 3288 Canobo
774 3221 953 3301 Gusnsvo,
988 3221 1053 3306 regi
1078 3231 1189 3286 nostro
1213 3223 1393 3288 clementis-

133 3325 214 3390 simo
242 3323 387 3390 debitum
414 3325 603 3414 obsequium
633 3333 666 3390 et
692 3324 879 3390 fidelitatem
908 3323 1076 3412 praestabo.
1121 3324 1204 3402 Quae
1226 3327 1338 3412 patriae
1361 3334 1395 3390 et

131 3427 315 3514 reipublicae
327 3428 425 3494 statui
437 3427 620 3494 conducunt
631 3428 838 3515 promovebo.
868 3425 1078 3492 Incommode
1092 3449 1151 3514 pro
1169 3427 1290 3515 viribus
1302 3450 1394 3493 aver-

132 3540 200 3596 tere
224 3529 370 3595 studebo.
405 3529 446 3594 In
469 3530 573 3595 officio
597 3530 796 3616 diligentiam
817 3527 976 3595 adhibebo
999 3530 1031 3594 in
1054 3531 1104 3612 iis,
1127 3553 1197 3616 quae
1219 3529 1260 3595 ad
1278 3533 1395 3617 juven-

120 3634 213 3710 tutis
241 3642 360 3698 rectam
393 3632 651 3699 informationem
679 3633 810 3714 faciunt,
847 3655 1036 3720 omnemque
1068 3634 1195 3698 inanem
1229 3634 1395 3720 prolixita-

131 3747 199 3802 tem
225 3737 355 3823 fugiam,
383 3745 416 3802 et
444 3735 635 3802 discentium
657 3736 803 3822 ingeniis,
826 3736 957 3801 utilitati
980 3746 1013 3801 et
1034 3737 1181 3804 instituto
1204 3734 1340 3800 fideliter
1363 3743 1394 3800 et

133 3849 289 3926 quantum
313 3849 426 3927 potero
449 3863 499 3904 me
522 3837 784 3904 accommodabo:
807 3839 937 3925 collegis
960 3839 1085 3904 fidelem
1109 3849 1142 3904 et
1157 3838 1328 3902 humanum
1344 3860 1394 3902 me

133 3943 303 4023 exhibebo,
327 3943 507 4008 studiorum
530 3953 564 4007 et
584 3940 755 4006 academia
778 3941 955 4021 commoda,
977 3963 1166 4028 quacunque
1187 3940 1323 4006 honesta
1346 3963 1396 4005 ra·

132 4047 223 4112 tione
246 4047 364 4128 licebit,
384 4067 575 4133 promovere
598 4043 746 4110 studebo.
791 4044 845 4109 lta
866 4067 917 4110 me
939 4044 1038 4110 Duos
1061 4043 1203 4132 adjuvet.

494 4239 523 4300 4.
568 4232 626 4298 De
649 4232 863 4298 eorundem
886 4233 1037 4299 officio.

224 4361 252 4424 1.
299 4357 480 4423 Ordinariis
509 4356 623 4422 diebus
651 4355 872 4442 unusquisque
894 4353 1024 4421 docebit
1046 4364 1079 4420 et
1100 4354 1195 4419 horas
1218 4375 1293 4418 suas
1316 4355 1398 4418 intc-

135 4483 208 4546 gras
243 4469 389 4526 accurate
423 4458 618 4537 observabit,
650 4459 705 4544 qui
736 4479 829 4523 secus
859 4458 983 4540 fecerit,
1005 4457 1205 4542 negligentiae
1227 4457 1321 4543 culpa
1343 4479 1397 4521 no-

136 4563 254 4628 tandus
282 4564 358 4628 erit:
389 4563 560 4649 quotannis
589 4562 686 4626 semel
710 4559 899 4648 disputabit,
921 4561 1065 4647 exceptis
1087 4561 1277 4646 linguarum,
1299 4560 1399 4625 histo·

137 4667 264 4746 riarum,
287 4665 476 4751 eloquentiae
499 4674 533 4730 et
554 4665 779 4730 mathematum
803 4665 1047 4753 professoribus,
1069 4665 1185 4750 quihus
1202 4666 1272 4730 loco
1288 4663 1398 4750 dispu-

229 4789 278 4829 lttt
291 4783 325 4829 in
337 4786 511 4829 humiliationem
1315 4789 1331 4838 q
