3564 5624
441 562 482 625 20
504 631 506 636 ,
831 561 913 621 16ὗὸ
937 563 983 622 irs
1006 563 1242 624 lonstltutlousr.

396 746 502 834 prium
523 745 663 830 sigillum
686 765 722 807 ac
743 743 982 829 repositorium,
1005 743 1036 807 in
1061 765 1126 828 quo
1148 754 1356 811 asserventur
1378 751 1458 819 acta,
1472 744 1550 809 item
1563 767 1654 830 pecu-

396 852 474 916 liare
497 849 658 913 conclave.
692 847 727 912 Si
750 848 802 911 cui
823 847 967 912 facultati
991 870 1053 912 non
1083 857 1245 935 suppetat,
1264 849 1349 913 unde
1367 859 1536 913 sumantur
1550 869 1656 912 neces-

398 955 473 1020 sarii
490 963 638 1040 sumptus
661 952 791 1016 nomine
814 952 975 1017 facultatis
998 952 1147 1036 faciendi,
1163 975 1203 1018 ex
1218 954 1296 1018 fisco
1311 953 1491 1032 academiae,
1502 961 1558 1018 aut
1569 953 1656 1018 sihic
1774 975 1775 980 ¹

396 1059 533 1135 deficiat,
561 1081 601 1122 ex
629 1057 765 1144 pecunia
792 1056 928 1143 publicis
951 1057 1102 1143 expensis
1126 1056 1287 1122 destinata
1310 1059 1493 1144 erogabitur
1513 1056 1547 1122 id
1570 1057 1655 1144 quud

396 1164 611 1231 necessarium
646 1162 750 1226 fuerit.
795 1161 850 1225 Ad
884 1170 954 1226 acta
980 1184 1058 1226 vero
1087 1161 1247 1227 facultatis
1274 1162 1492 1248 consignanda
1513 1161 1653 1227 adhiberi

397 1269 517 1355 poterit
538 1267 652 1353 aliquis
676 1289 715 1331 ex
738 1265 903 1350 studiosis,
926 1265 981 1352 qui
1004 1265 1124 1352 duplici
1147 1266 1296 1331 fruuntur
1317 1265 1488 1354 stipendio.

485 1376 512 1438 9.
557 1371 671 1458 Nuper
697 1368 906 1435 advenientes
930 1370 1101 1452 scholares,
1124 1379 1293 1458 antequam
1317 1371 1530 1458 depositionis
1552 1379 1656 1435 actum

396 1477 562 1557 subierint,
584 1474 778 1541 examinabit
801 1475 1011 1561 philosophiae
1034 1475 1182 1556 decanus,
1206 1476 1287 1541 etsi
1311 1477 1365 1562 qui
1380 1498 1443 1541 non
1460 1476 1656 1541 absolverint

395 1584 458 1650 illa,
488 1604 558 1667 qua
585 1580 617 1644 in
646 1579 764 1644 scholis
788 1589 821 1643 et
842 1579 1016 1664 gymnasiis
1040 1581 1176 1667 proponi
1200 1581 1312 1661 solent,
1334 1581 1396 1646 nisi
1418 1581 1554 1668 privatis
1577 1602 1656 1666 pra·

393 1685 578 1772 ceptoribns
611 1685 715 1769 iisque
742 1684 835 1748 bonis
868 1691 901 1748 et
927 1683 1072 1769 probatis
1103 1684 1226 1749 alendis
1255 1683 1382 1750 abunde
1405 1684 1601 1765 suffecerint,
1623 1692 1656 1746 et

396 1791 481 1855 illius
508 1791 555 1854 rei
584 1789 801 1854 testimonium
832 1797 953 1852 certum
981 1787 1159 1872 habuerint,
1182 1787 1253 1869 hos,
1275 1789 1507 1854 communicata
1528 1810 1562 1852 re
1585 1809 1656 1851 cum

396 1892 655 1981 procanoellario,
691 1899 816 1956 rectore
847 1899 880 1956 et
901 1899 1015 1956 senatu
1038 1891 1230 1972 academico,
1252 1893 1306 1959 vel
1329 1893 1369 1958 ad
1392 1893 1533 1960 scholam
1556 1895 1655 1980 parti-

395 1999 533 2064 cularem
556 1997 609 2062 vel
631 1995 761 2061 domum
784 1995 824 2060 ad
848 2017 924 2060 suos
946 1996 1096 2061 remittet.

485 2106 530 2168 lo.
575 2101 653 2183 Eos,
682 2101 736 2187 qui
766 2101 835 2165 sine
863 2101 1112 2187 praeceptoribus
1140 2101 1276 2188 privatis
1299 2123 1359 2166 nec
1380 2101 1475 2166 ullius
1497 2121 1580 2165 curae
1601 2100 1655 2166 vel
1774 2137 1775 2182 ἦ

392 2207 583 2294 inspectioni
613 2228 631 2270 a
660 2204 845 2292 parentibus
872 2215 928 2269 aut
954 2206 1097 2291 patronis
1126 2205 1287 2271 commissi
1315 2205 1356 2270 ad
1378 2203 1573 2270 academiam
1597 2227 1655 2269 ve-

392 2314 496 2394 niunt,
527 2309 666 2375 decanus
693 2331 765 2375 cum
792 2318 916 2374 rectore
944 2310 1166 2396 professorum
1198 2311 1291 2374 alicui
1324 2309 1569 2391 commendabit,
1597 2309 1654 2395 qui

393 2419 425 2482 in
448 2438 563 2495 mores,
591 2414 690 2479 vitam
713 2423 747 2478 et
768 2412 875 2478 studia
898 2414 1072 2480 eorundem
1094 2437 1202 2480 curam
1224 2414 1382 2497 intendet,
1409 2436 1468 2480 uec
1490 2415 1576 2480 sinet
1597 2437 1655 2480 eos
1774 2499 1775 2502 Ἴ

394 2522 498 2586 solute
520 2529 554 2584 et
574 2520 675 2585 libere
697 2518 844 2604 vagando
866 2519 955 2584 vitiis
979 2542 1015 2584 ac
1037 2520 1104 2585 otio
1126 2520 1295 2606 corrumpi.
1335 2519 1434 2597 Quod
1457 2519 1485 2584 si
1507 2521 1655 2606 cuiquam
1774 2521 1775 2532 ’

392 2625 572 2710 contigerit,
606 2623 646 2688 ab
680 2623 751 2709 ipsu
779 2622 899 2688 decano
931 2622 1201 2710 quemadmodum
1224 2632 1258 2689 et
1278 2624 1319 2689 ab
1341 2624 1413 2711 ipsu
1436 2632 1570 2706 rectore,
1592 2627 1655 2691 sub

391 2730 508 2816 quibus
530 2728 564 2793 in
586 2728 692 2792 album
715 2726 885 2792 academia
909 2730 1026 2793 relatus
1049 2729 1124 2793 talis
1147 2726 1311 2794 studiosus
1331 2727 1437 2808 fucrit,
1452 2749 1654 2814 quorumque

391 2833 485 2919 culpa
506 2833 669 2918 neglectus
693 2831 808 2896 vitium
831 2833 999 2912 contraxit,
1021 2832 1177 2897 rationem
1192 2841 1371 2897 accuratam
1387 2839 1517 2896 senatus
1533 2835 1653 2920 exiget.

480 2941 527 3002 ll.
572 2936 776 3002 Decanorum
798 2937 944 3023 quisque,
968 2937 1001 3001 in
1024 2960 1089 3003 suae
1105 2937 1266 3002 facultatis
1281 2936 1565 3024 disputationibus,
1577 2959 1654 3023 pro-

391 3041 597 3124 motionibus,
621 3042 820 3107 examinibus
842 3041 977 3126 aliisque
1000 3042 1224 3128 congressibus
1246 3041 1431 3106 facultatem
1458 3063 1654 3105 concernen-
1774 3095 1775 3130 3

389 3145 485 3222 tibus,
508 3145 645 3231 primum
668 3145 773 3210 locum
796 3146 880 3210 inter
902 3144 1040 3232 collegas
1063 3147 1095 3210 in
1119 3168 1178 3210 sua
1198 3145 1349 3210 facultate
1372 3143 1540 3210 obtinebit.

476 3253 525 3314 12.
572 3249 706 3336 Semper
728 3272 856 3336 quoque
878 3250 1089 3337 philosophice
1112 3250 1250 3316 decanus
1272 3250 1418 3314 intererit
1439 3248 1655 3336 depositioni·
1774 3255 1775 3258 ’

389 3354 461 3434 bus,
484 3355 536 3419 vel
560 3355 629 3439 ejus
652 3376 692 3418 ex
714 3354 867 3420 facultate
889 3356 1037 3420 vicarius.

916 3667 1021 3750 Cap.
1055 3669 1111 3731 X.

704 3803 753 3866 De
774 3805 1034 3886 processionibus
1057 3808 1087 3866 ei
1107 3804 1316 3871 sessionibus

477 3963 502 4021 l.
548 3956 587 4021 In
616 3957 753 4043 publicis
782 3957 905 4022 actibus
929 3956 1118 4023 academicis
1141 3969 1217 4046 post
1238 3960 1519 4046 procanoellarium
1542 3961 1655 4046 ingre-
1774 4015 1775 4050 3

385 4062 491 4127 dietur
523 4071 636 4144 rector,
669 4060 753 4125 hunc
784 4070 958 4146 sequentur
987 4064 1144 4148 equestris
1168 4064 1289 4128 ordinis
1312 4065 1421 4151 primae
1444 4073 1478 4130 et
1498 4065 1655 4130 seeundae

385 4167 496 4232 classis
519 4168 575 4244 illi,
598 4167 651 4253 qui
676 4165 854 4231 studiorum
877 4166 979 4251 gratia
1000 4166 1032 4231 in
1056 4169 1219 4233 academia
1247 4169 1373 4248 vivunt,
1401 4169 1461 4234 hos
1484 4170 1655 4256 excipient

385 4271 578 4355 singularum
613 4271 799 4336 facultatum
827 4271 1026 4357 professores
1055 4283 1088 4337 et
1109 4282 1260 4359 quaestor,
1282 4273 1331 4338 his
1354 4274 1500 4360 proxime
1521 4275 1655 4340 nobiles

383 4375 497 4461 reliqui
519 4374 678 4453 incedent,
703 4375 829 4440 nemine
851 4385 970 4440 temere
992 4377 1077 4442 huno
1099 4378 1242 4442 ordinem
1265 4379 1482 4464 cujuscunque
1504 4379 1549 4444 sit
1570 4401 1655 4444 con-

384 4479 516 4543 ditionis
537 4480 798 4565 interrumpente.

470 4587 500 4647 2.
544 4581 583 4646 In
607 4582 813 4647 consessibus
837 4582 972 4668 publicis
995 4583 1259 4668 procanoellarius
1283 4592 1317 4648 et
1338 4593 1444 4649 rector
1465 4607 1537 4648 oum
1559 4585 1654 4650 ordi·

381 4689 479 4754 uariis
503 4687 736 4773 professoribus
761 4687 888 4752 sedebit
908 4686 948 4750 ad
971 4687 1132 4752 sinistram
1156 4687 1322 4765 cathedrae,
1340 4689 1401 4754 hoc
1416 4688 1544 4754 urdine:
1568 4701 1653 4776 post
