3520 5616
381 545 423 608 28
758 550 840 608 1655
864 550 909 607 trs
934 551 1171 608 kooatitutioner.

422 733 451 792 2.
497 729 643 815 Cumque
671 741 829 818 praesente
857 732 977 797 decano
1001 732 1210 820 philosophiae
1233 736 1287 799 vel
1310 735 1379 820 ejus
1403 735 1523 799 vicario
1546 735 1598 798 hic

336 834 500 899 studiosos
522 833 668 899 initiandi
691 836 772 901 ritus
795 838 905 923 peragi
928 836 1053 918 debeat,
1068 841 1138 925 ejus
1156 840 1218 904 erit
1243 841 1288 903 ita
1308 839 1466 903 moderari
1482 838 1598 917 omnia,

337 946 373 1003 ut
398 938 480 1004 ratio
508 939 685 1006 honestatis
712 965 749 1006 ac
776 943 906 1029 pietatis
935 943 1098 1021 habeatur,
1123 945 1208 1010 etin
1232 945 1401 1031 praesentia
1425 965 1597 1030 pancorum

337 1051 371 1108 et
391 1043 598 1108 familiarium
620 1055 799 1132 peragatur.
842 1047 939 1112 Fient
961 1055 1067 1112 autem
1090 1046 1310 1135 depositiones
1333 1056 1459 1112 tantum
1482 1044 1597 1111 diebus

336 1146 491 1212 Mercurii
514 1158 547 1213 et
569 1148 711 1231 Sabbati,
733 1150 831 1237 idque
854 1152 886 1216 in
909 1152 1017 1238 aliquo
1040 1153 1164 1218 solenni
1182 1153 1263 1233 loco,
1279 1152 1349 1218 aine
1365 1152 1451 1218 omni
1466 1151 1598 1217 omnino

337 1260 468 1339 sumptu
491 1260 524 1317 et
546 1253 701 1340 impensa.

424 1359 452 1421 3.
495 1357 715 1424 Instrumenta
737 1359 949 1447 depositionis
971 1360 1139 1448 depositor
1161 1367 1291 1448 peracto
1306 1361 1370 1425 ritu
1385 1359 1426 1425 ad
1442 1358 1598 1424 decenum

337 1459 455 1525 deferri
477 1462 587 1526 statim
610 1463 742 1528 curabit

423 1569 452 1630 4.
496 1565 589 1630 Idem
612 1590 739 1654 quoque
762 1569 907 1634 initiandi
930 1592 1135 1656 progressum
1155 1569 1188 1634 in
1205 1568 1320 1634 studiis
1336 1569 1526 1655 explorabit,
1543 1567 1598 1632 ubi

338 1692 376 1734 ea
398 1670 592 1753 observabit,
615 1695 686 1758 quae
708 1696 778 1760 cap.
803 1678 822 1739 9
845 1677 864 1758 5
888 1678 908 1739 9
930 1675 1107 1740 constituta
1128 1684 1212 1739 sunt.

425 1778 453 1839 5.
499 1774 562 1840 His
590 1779 737 1863 peractis,
768 1801 788 1842 a
817 1777 939 1844 decano
961 1779 1026 1844 ritu
1048 1779 1167 1844 usitato
1190 1778 1356 1843 absolutus
1378 1800 1397 1842 a
1419 1784 1544 1841 rectore
1566 1777 1599 1840 in

337 1877 534 1943 matriculam
557 1879 756 1946 adscribetur
778 1885 867 1948 etin
889 1882 1107 1948 studiosorum
1129 1905 1296 1947 numerum
1311 1882 1470 1947 referetur
1484 1880 1601 1945 admit-

336 1990 485 2068 teturque
519 1983 560 2048 ad
594 1987 745 2052 exercitia
778 1988 1009 2074 privilegieque
1038 2010 1058 2052 a
1086 1986 1184 2052 Sacra
1210 1986 1271 2051 Ra
1298 1986 1411 2072 Majzte
1442 1985 1607 2050 studiosis

338 2085 433 2172 hujus
456 2087 626 2154 academiae
648 2089 732 2156 data.

424 2193 453 2257 6.
498 2192 631 2260 Decano
654 2217 713 2282 pro
735 2197 844 2262 labore
866 2196 984 2281 singuli
1006 2195 1122 2261 initiati
1145 2204 1211 2260 tres
1234 2217 1365 2275 marcas,
1387 2194 1507 2259 famulo
1528 2215 1602 2257 aca-

338 2292 450 2360 demiae
472 2296 513 2361 ad
537 2299 604 2363 vini
626 2309 774 2387 sumptus
798 2308 831 2365 et
848 2301 944 2366 officii
961 2300 1095 2386 praestiti
1113 2299 1275 2387 praemium
1293 2299 1414 2365 solidos
1430 2321 1488 2364 sex
1503 2309 1528 2378 (ε
1544 2298 1600 2385 qui

337 2400 476 2468 famulus
507 2403 637 2470 eoadem
666 2404 706 2470 ad
735 2415 891 2472 rectorem
918 2405 1015 2470 ducet
1023 2409 1059 2490 ε),
1093 2404 1270 2491 depositori
1293 2403 1405 2470 itidem
1428 2413 1494 2468 tres
1517 2423 1602 2466 mar·

339 2527 392 2570 cas
415 2507 553 2573 solvent.

825 2767 930 2851 Cap.
962 2769 1104 2836 XVII.

795 2924 843 2988 Da
861 2925 1135 3008 procreationibus.

425 3098 474 3163 120
517 3098 595 3177 Qui
619 3097 890 3185 promovendi.

428 3223 455 3285 1.
500 3219 540 3284 In
572 3241 690 3305 genere
723 3227 925 3306 promotores
959 3218 993 3284 id
1019 3220 1180 3306 praecipue
1209 3220 1411 3306 spectabunt,
1434 3221 1547 3306 utqui
1570 3221 1604 3284 in

340 3323 456 3390 studiis
483 3323 685 3390 laudabiliter
712 3331 787 3389 sunt
814 3323 944 3404 versati,
965 3324 1084 3410 quique
1106 3323 1251 3390 honestis
1274 3332 1350 3388 sunt
1371 3324 1524 3406 moribus,
1546 3323 1605 3390 de-

341 3427 409 3492 bito
431 3425 553 3493 honore
576 3436 782 3494 crementur.

427 3536 456 3596 2.
502 3515 677 3620 Speciatim
704 3531 745 3597 ad
766 3530 900 3618 gradum
923 3531 1182 3619 philosophicum
1205 3554 1298 3596 nemo
1320 3531 1517 3611 admittatur,
1539 3533 1604 3597 nisi

341 3636 374 3700 in
402 3636 581 3722 linguarum
610 3659 721 3722 graecae
750 3644 783 3701 et
803 3637 918 3715 latinae,
940 3657 1035 3722 quam
1058 3636 1196 3701 maxime
1218 3657 1296 3701 vero
1319 3636 1414 3722 hujus
1438 3635 1547 3701 studio
1571 3645 1607 3702 et

341 3740 483 3806 historiae
505 3740 695 3805 universalis
717 3739 938 3825 scriptoribus,
960 3739 1100 3826 Sulpitio
1123 3738 1254 3816 Severo,
1277 3739 1419 3822 Justino,
1442 3739 1604 3825 Eutropio

343 3851 376 3908 et
396 3841 495 3908 Floro
518 3844 621 3930 iisque
644 3851 780 3930 cognata
800 3852 981 3929 temporum
1004 3851 1036 3908 et
1057 3843 1198 3908 locorum
1221 3842 1375 3924 doctrina,
1391 3852 1427 3908 ut
1442 3844 1522 3909 etin
1538 3843 1606 3908 sin-

342 3949 425 4034 gulis
454 3947 632 4035 disciplinis
660 3947 890 4035 philosophicis
920 3946 1017 4012 hierit
1045 3956 1203 4027 versatus,
1227 3950 1354 4034 egregie
1376 3958 1484 4014 autem
1506 3948 1605 4012 iniis

343 4052 530 4140 disciplinis,
556 4075 627 4139 quae
649 4051 690 4117 ad
712 4051 895 4116 institutum
917 4052 993 4116 vitae
1015 4051 1101 4118 illius
1124 4061 1279 4138 spectant.

429 4163 457 4224 3.
503 4156 570 4236 Qui
603 4165 709 4222 autem
742 4155 894 4242 suffragio
925 4154 1085 4221 facultatis
1109 4156 1305 4243 approbatus
1333 4165 1392 4237 eat,
1414 4157 1603 4244 priusquam

344 4259 531 4326 admittatur
552 4261 594 4326 ad
615 4259 759 4348 gradum,
781 4260 933 4346 episcopi,
955 4262 1045 4348 cujus
1061 4259 1202 4326 dioecesi
1219 4261 1341 4338 subest,
1358 4261 1605 4347 permissionem

344 4373 378 4430 et
399 4365 508 4431 literas
529 4363 804 4431 commendatitias
826 4363 868 4428 ad
890 4364 1073 4430 facultatem
1096 4387 1155 4451 pro
1177 4364 1278 4451 gradu
1300 4363 1526 4451 consequendo
1549 4388 1606 4431 ex·

345 4469 476 4550 hibebit‚
498 4470 526 4534 si
548 4471 581 4535 in
604 4468 743 4534 dioecesi
767 4467 1000 4553 promotionem
1022 4470 1160 4536 affectat.

432 4577 462 4638 4.
506 4573 547 4638 In
568 4572 731 4658 theologia
753 4571 872 4637 nemini
895 4574 1079 4640 conferetur
1100 4574 1219 4661 gradus
1242 4572 1394 4654 doctoris,
1415 4574 1479 4639 nisi
1495 4574 1535 4654 ei,
1549 4575 1607 4660 qui

346 4680 378 4752 in
406 4677 543 4752 docendi
570 4701 699 4752 munere
730 4675 903 4752 tonantio
925 4678 970 4754 sit
990 4679 1192 4770 causaturus,
1215 4686 1271 4753 eut
1291 4677 1331 4754 ad
1356 4676 1514 4778 ejusmodi
1537 4679 1606 4754 cffi-
