3564 5624
134 1428 216 1538 Nos
247 1469 412 1535 Celaenus
442 1468 632 1535 Gusravus
663 1487 725 1532 nar
755 1468 859 1554 gratia
881 1466 1066 1548 Suecorum,
1097 1466 1279 1533 Gothorum
1302 1467 1397 1536 Van-

134 1573 344 1662 dalorumque
368 1595 433 1652 rex,
455 1595 589 1660 magnus
612 1572 761 1658 princeps
777 1571 964 1652 Finlandiae,
979 1571 1046 1636 dux
1060 1571 1235 1655 Esthoniae,
1252 1571 1395 1652 Careliae,

132 1679 268 1761 Bremae,
292 1677 423 1759 Verdae,
446 1677 564 1743 Stetini
587 1677 793 1756 Pomeraniae,
816 1676 981 1742 Cassubiae
1004 1685 1038 1742 et
1051 1675 1230 1757 Vandaliae,
1244 1677 1396 1763 princeps

134 1783 258 1870 Rugiae,
282 1783 430 1849 dominus
448 1782 565 1868 Ingriae
581 1781 817 1861 etWismariae,
832 1803 969 1846 necnon
985 1803 1090 1846 comes
1107 1782 1267 1866 palatinus
1282 1779 1398 1862 Rheni,

134 1889 291 1968 Bavariae,
318 1887 445 1968 Juliaci,
467 1885 581 1953 Oliviae
605 1895 638 1952 et
659 1886 822 1951 Montium
844 1885 911 1950 dux
933 1896 991 1950 ete.
1026 1885 1149 1950 Notum
1171 1885 1306 1950 facimus
1329 1907 1397 1950 cm-

133 1994 228 2059 nibus
260 2001 294 2058 et
324 1991 457 2078 singulis
489 1991 583 2056 nobis
607 1991 759 2078 subjectis
782 1989 951 2055 academiae
973 1997 1090 2055 uostrae
1113 1990 1237 2056 civibus
1254 1989 1397 2076 aliisque,

134 2119 270 2183 quorum
299 2097 444 2177 interest,
471 2093 739 2181 quemadmodum
769 2117 788 2159 a
813 2095 918 2181 primo
948 2094 1075 2180 imperii
1101 2116 1138 2158 ac
1159 2093 1254 2178 regiae
1278 2103 1395 2159 nostrae

134 2200 422 2266 administrationis
454 2209 599 2286 tempore
626 2199 709 2264 seria
731 2199 824 2264 nobis
849 2222 925 2264 cura
946 2199 1011 2263 fuit
1032 2197 1245 2284 amplificandi
1268 2206 1301 2263 et
1322 2221 1395 2263 con·

132 2305 285 2372 servandi
315 2304 377 2370 hcc
404 2311 551 2368 nostrum
578 2325 710 2388 regnum
739 2303 771 2367 in
800 2311 911 2390 optato
934 2311 1020 2368 statu
1044 2313 1077 2368 et
1098 2303 1327 2389 rempublicam
1350 2303 1396 2368 sie

135 2407 366 2489 conformandi,
388 2417 425 2472 ut
445 2406 632 2473 orthodoxae
654 2407 817 2492 religionis
841 2417 874 2472 et
895 2407 1050 2472 bonarum
1072 2407 1186 2472 artium
1201 2407 1296 2472 laude
1312 2429 1397 2472 nune

134 2523 168 2580 et
189 2515 222 2579 in
246 2522 410 2600 posterum
433 2511 602 2592 clarescat;
625 2511 670 2576 ita
691 2512 770 2576 satis
793 2520 989 2598 compertum
1006 2511 1169 2592 habemur,
1186 2519 1340 2598 quantum
1355 2511 1397 2576 ad

133 2619 216 2684 hanc
238 2640 306 2682 rem
328 2623 524 2681 momentum
547 2615 687 2702 pietatis,
709 2615 872 2680 literarum
895 2639 932 2681 ac
953 2615 1191 2702 disciplinarum
1215 2614 1322 2680 studia
1340 2616 1397 2682 ad·

131 2724 248 2789 ferant.
293 2720 433 2786 Proinde
464 2721 496 2784 in
524 2719 595 2784 Dar
616 2719 753 2804 gloriam
775 2729 808 2784 et
830 2719 919 2806 regni
942 2720 1044 2785 nostri
1065 2720 1144 2785 felix
1166 2721 1395 2786 incrementum

131 2827 328 2894 academiam
357 2826 438 2890 hanc
466 2833 608 2890 nostram
631 2823 866 2912 Upsaliensem,
889 2847 908 2889 a
928 2825 1090 2911 prioribus
1113 2823 1236 2890 Sueciae
1258 2826 1396 2911 regibus,

131 2930 391 3000 antecessoribus
419 2930 548 3010 nostris,
576 2937 609 2994 et
636 2929 668 2994 in
691 2931 801 3016 primis
824 2931 865 2996 ab
887 2930 1013 2995 inclutae
1036 2931 1195 2994 memoriae
1217 2952 1301 3016 rege,
1325 2930 1397 2996 Gu-

131 3055 247 3104 snavo
275 3037 449 3100 Ancurae
476 3056 601 3119 magno,
628 3035 787 3100 avunculo
816 3034 978 3121 quondam
1005 3043 1116 3099 nostro
1138 3034 1396 3120 honoratissimo,

131 3150 168 3208 et
195 3139 398 3206 serenissima
426 3138 536 3224 regina
564 3137 767 3219 CatarsrruA,
794 3145 895 3204 matre
917 3145 1027 3203 nostra
1049 3137 1304 3220 honoratissime,
1326 3140 1397 3206 feli-

130 3245 214 3308 citer
241 3243 461 3320 instauratam,
489 3240 667 3326 privilegiis
695 3249 849 3318 ornatam,
877 3241 1081 3306 facultatibus
1104 3240 1257 3322 dotatam,
1279 3242 1392 3330 hujus-

129 3345 222 3411 modi
244 3345 332 3430 regia
354 3342 522 3407 clementia
544 3366 640 3428 porro
662 3344 802 3410 fovimus
826 3353 859 3410 et
880 3344 1039 3424 fovemuS,
1061 3354 1181 3409 utnon
1205 3343 1308 3409 solum
1330 3346 1395 3433 pri-

131 3448 253 3534 vilegia
282 3456 315 3512 et
336 3445 459 3511 reditus
483 3445 576 3510 dictae
599 3445 770 3512 academiae
792 3449 1100 3530 conservaverimus,
1123 3446 1181 3512 sed
1204 3449 1299 3512 etiam
1323 3470 1395 3514 cum

129 3561 280 3637 tempore
310 3570 428 3635 augere
450 3548 697 3628 decreverimus,
719 3558 815 3636 atque
837 3573 871 3616 re
895 3573 965 3616 cum
989 3547 1158 3614 academiae
1183 3558 1300 3616 nostrae
1322 3575 1395 3618 can-

129 3654 262 3719 cellario
286 3653 414 3732 illustri,
429 3651 522 3717 nobis
538 3651 659 3717 sincere
676 3652 772 3734 fideli,
788 3652 841 3718 dn.
858 3653 980 3739 Magno
996 3651 1147 3718 Gabriele
1163 3651 1203 3717 de
1218 3654 1250 3719 la
1265 3653 1394 3738 Gardie,

128 3757 251 3821 comite
274 3757 307 3821 in
328 3755 459 3820 Leckiib
482 3764 515 3820 et
536 3755 725 3842 Arensburg
747 3765 816 3836 etc,
838 3764 949 3822 nostro
965 3763 998 3821 et
1014 3756 1105 3842 regni
1120 3757 1223 3821 nostri
1238 3767 1396 3840 senatore,

127 3859 332 3924 thesaurario
352 3867 423 3938 etc,
439 3868 476 3923 ut
492 3867 525 3923 et
543 3858 779 3944 professoribus
797 3859 1044 3925 clementissime
1056 3859 1296 3941 communicata,
1305 3862 1393 3949 leges

126 3971 164 4027 et
188 3963 444 4038 constitutiones,
468 3961 510 4026 ad
532 3971 650 4028 rectam
668 3963 763 4050 hujus
775 3962 963 4028 academicae
979 3961 1143 4028 societatis
1162 3962 1394 4030 ordinationem

126 4065 226 4144 latas,
255 4065 435 4151 ubicunque
458 4086 539 4151 opus
562 4064 634 4144 fuit,
657 4074 690 4131 et
711 4075 864 4152 quantum
886 4067 1052 4152 praesentis
1075 4065 1228 4153 temporis
1250 4069 1397 4150 angustia

127 4176 166 4232 et
190 4166 360 4233 imminens
383 4177 495 4234 contra
516 4168 684 4233 Poloniam
702 4167 867 4254 expeditio
890 4168 983 4234 uobis
1001 4169 1223 4256 permiserunt,
1248 4168 1396 4234 emenda-

126 4270 276 4336 verimus
300 4291 464 4357 novasque
486 4293 547 4335 usu
570 4272 617 4336 sic
639 4273 787 4358 exigente
810 4269 1035 4339 addiderimus.
1076 4272 1168 4350 Quas
1189 4271 1230 4336 ab
1247 4273 1394 4338 omnibus

126 4383 163 4440 et
194 4373 328 4460 singulis
358 4374 450 4439 nobis
479 4374 633 4459 subjectis
661 4372 831 4439 academiae
861 4373 985 4438 civibus
1013 4383 1047 4440 et
1073 4374 1223 4440 membris
1250 4375 1395 4462 aliisque,

125 4499 270 4563 quorum
299 4477 444 4555 interest,
477 4475 665 4542 obedienter
694 4486 728 4541 et
754 4475 891 4542 fideliter
913 4479 1036 4543 servari
1059 4478 1270 4563 praecipimus,
1293 4477 1395 4545 donec

125 4577 343 4646 commodiori
367 4579 472 4664 aliquo
496 4589 641 4666 tempore
664 4577 792 4644 easdem
815 4583 993 4647 accuratius
1016 4602 1242 4666 recognoscere
1266 4591 1299 4646 et
1313 4583 1395 4648 revi-

126 4681 210 4746 dere
233 4682 420 4767 poterimus
465 4681 574 4748 Tenon
595 4694 701 4750 autcm
724 4685 990 4754 constitutionum
1013 4683 1066 4751 hic
1089 4693 1147 4750 est.

225 4806 273 4846 lttt
287 4801 506 4849 resonaremus.
1313 4810 1326 4861 1
