3520 5616
565 556 646 614 1655
671 555 717 614 tre
742 554 979 614 konstitutioner.

615 943 722 1027 Cap.
749 942 932 1009 XVIII.

379 1117 428 1183 De
450 1117 731 1202 disputationibus
752 1117 790 1181 fn
809 1138 924 1200 parere
947 1122 978 1181 et
997 1118 1036 1180 a‘n
1058 1117 1169 1202 specie.

231 1309 259 1370 l.
305 1307 476 1384 Quinam
499 1305 708 1392 disputare
730 1304 909 1370 debeant

233 1432 260 1508 1,
304 1428 509 1493 Professores
532 1427 650 1514 publici
675 1426 850 1492 ordinarias
868 1427 1113 1514 disputationes,
1127 1429 1292 1492 minimum
1311 1449 1406 1490 unam

144 1534 317 1618 quotannis
346 1531 548 1596 conscribent
576 1540 608 1596 et
630 1531 802 1609 habebunt,
825 1529 921 1616 idque
945 1540 1050 1595 rector
1072 1531 1213 1616 urgebit,
1234 1529 1409 1594 manebunt

143 1644 251 1702 autem
275 1631 391 1720 singuli
415 1633 498 1697 intra
521 1634 675 1698 terminos
699 1655 764 1696 suae
787 1632 958 1697 facultatis.

232 1759 260 1820 2.
305 1755 372 1832 Qui
401 1752 536 1840 gradum
557 1753 771 1819 academicum
793 1777 858 1818 non
881 1754 986 1834 habet,
1009 1754 1070 1819 nisi
1094 1753 1257 1840 professor
1279 1751 1408 1837 speciali

145 1859 207 1922 8:ae
235 1857 303 1922 Rae
325 1857 449 1944 Majztis
473 1856 600 1922 indultu
621 1857 816 1923 constitutus
839 1859 891 1938 sit,
913 1856 1105 1944 praesidendi
1128 1865 1321 1943 potestatem
1344 1877 1407 1918 non

144 1961 271 2040 habeat,
294 1960 351 2026 sed
374 1961 587 2026 subalterius
610 1959 760 2047 praesidio
783 1960 937 2047 disputet,
967 1961 1113 2046 eligendo
1137 1983 1177 2025 ex
1200 1983 1238 2025 ea
1255 1959 1407 2023 facultate

144 2063 326 2150 praesidem,
349 2064 391 2129 ad
414 2087 507 2150 quam
531 2062 707 2150 disputatio
730 2073 864 2149 spectat.
909 2062 950 2127 In
973 2085 1011 2128 ea
1033 2075 1139 2128 autem
1155 2063 1306 2128 facultate
1322 2061 1409 2148 quis-

145 2189 208 2252 que
232 2167 334 2232 solum
358 2165 539 2253 praesideat,
568 2167 599 2230 in
623 2188 686 2251 qua
707 2165 840 2251 gradum
864 2167 1043 2252 acquisivit.
1089 2167 1134 2231 Et
1156 2165 1322 2253 disputare
1344 2165 1409 2229 liei-

144 2279 215 2334 tum
240 2278 291 2334 est
313 2270 461 2334 omnibus
484 2269 721 2356 professoribus
738 2268 915 2349 ordinariis,
931 2270 1007 2334 item
1024 2269 1235 2356 philosophiae
1251 2267 1409 2355 adjunctis

146 2382 179 2436 et
213 2373 284 2437 aliis
318 2372 486 2458 quibusvis
518 2370 651 2456 gradum
681 2371 882 2453 habentibus,
908 2371 1005 2458 idque
1028 2396 1092 2437 non
1115 2373 1178 2436 nisi
1201 2373 1412 2458 impetratae

145 2475 268 2540 decano
291 2485 324 2540 et
346 2474 495 2539 facultate
519 2477 627 2539 venia:
651 2476 757 2540 caeteri
779 2497 890 2540 omnes
913 2476 973 2540 sub
997 2473 1146 2562 praesidio
1162 2474 1382 2562 disputabunt.

232 2601 293 2662 220.
338 2598 432 2675 Quae
455 2596 754 2684 disputationes
776 2597 1038 2662 admittendae.

236 2721 264 2782 1.
309 2717 506 2803 Disputatio,
533 2740 605 2803 quae
632 2717 801 2784 absurdam
831 2728 887 2783 aut
915 2720 1045 2805 impiam
1072 2719 1266 2784 sententiam
1294 2726 1412 2798 tuetur,

146 2831 204 2887 aut
237 2843 307 2908 quae
343 2822 452 2887 turbas
486 2821 558 2903 ciet,
588 2823 620 2885 in
648 2821 811 2887 academia
833 2845 897 2888 non
920 2822 1115 2888 admittetur.
1162 2822 1197 2886 Si
1220 2824 1292 2908 quis
1315 2823 1409 2887 talem

147 2925 357 3010 pertinaciter
379 2924 444 2989 ullo
466 2923 573 3005 modo,
595 2925 722 3010 publice
745 2926 797 2991 vel
821 2925 982 3010 privatim,
997 2925 1170 2991 defendere
1186 2934 1219 2990 et
1233 2948 1410 3013 propagare

146 3028 332 3108 tentaverit,
360 3026 585 3093 admonebitur
611 3028 749 3112 primum
775 3049 795 3092 a
823 3025 954 3108 decano,
982 3027 1099 3093 deinde
1122 3050 1141 3092 a
1162 3038 1232 3094 tota
1252 3028 1413 3108 facultate,

147 3128 280 3195 tandem
301 3153 320 3194 a
342 3140 466 3194 rectore
489 3139 522 3194 et
544 3130 744 3210 consistorio,
766 3131 843 3194 item
865 3153 884 3195 a
905 3130 1163 3218 procancellario,
1184 3133 1211 3196 si
1231 3130 1334 3196 adbuc
1349 3154 1412 3196 non
1447 3123 1450 3128 ¹

147 3232 318 3318 quieverit,
339 3230 426 3318 apud
448 3231 667 3298 cancellarium
690 3232 900 3298 accusabitur.

237 3356 266 3418 2.
312 3352 588 3438 Disputationum,
610 3377 680 3439 quae
703 3354 909 3418 admittendae
927 3363 1029 3436 erunt,
1045 3354 1238 3441 exemplaria
1253 3352 1414 3433 sextidtm,

148 3467 321 3542 antequam
355 3455 565 3535 habebuntur,
598 3479 713 3542 nempe
743 3454 795 3522 die
825 3457 995 3538 dominico,
1022 3457 1075 3523 vel
1096 3457 1261 3535 Mercurii,
1285 3458 1412 3543 publice

149 3560 332 3645 alligentur,
365 3566 398 3624 et
425 3560 574 3644 exempla
602 3558 836 3624 distribuentur
862 3560 976 3624 eodem
1003 3559 1056 3624 die
1084 3583 1143 3647 per
1163 3560 1318 3625 famulum
1344 3583 1414 3624 aaa·

150 3662 274 3741 demite,
301 3661 399 3747 idque
429 3661 590 3726 ordinarie
618 3663 651 3726 in
674 3663 805 3748 templo,
822 3685 887 3727 non
910 3663 971 3727 nisi
994 3663 1092 3727 finitis
1115 3665 1224 3743 sacris,
1246 3685 1306 3727 nec
1327 3685 1416 3749 apar-

149 3765 258 3852 genda
291 3775 341 3831 est
375 3765 438 3830 ulla
465 3765 642 3852 disputatio
671 3767 756 3832 inter
778 3765 953 3845 studiosos,
974 3776 1147 3852 autequam
1170 3766 1297 3854 publice
1320 3766 1417 3831 affixa

149 3870 266 3949 fuerit;
287 3891 359 3954 quae
379 3869 442 3934 nisi
465 3868 637 3934 observata
657 3868 788 3948 fuerint,
803 3891 848 3934 eae
864 3869 1099 3955 disputationes
1114 3892 1177 3934 non
1193 3870 1413 3936 admittentur.

150 3973 190 4037 In
216 3972 266 4037 his
289 3972 317 4036 si
339 3972 531 4058 peccaverit,
552 3972 605 4037 vel
629 3993 757 4056 praeaes,
779 3972 831 4037 vel
854 3972 1065 4058 respondens,
1080 3972 1132 4038 vel
1147 3982 1291 4057 uterque,
1306 3973 1416 4059 sesqui

61 4113 63 4123 ·
151 4075 276 4140 thalero
299 4074 461 4159 sigillatim
484 4073 729 4155 mulctabuntur,
751 4075 803 4139 vel
830 4074 968 4140 famulus
994 4075 1174 4154 academie,
1203 4075 1231 4140 ai
1260 4075 1291 4138 in
1323 4075 1417 4161 culpa

152 4177 262 4256 fuerit,
286 4176 420 4242 eandem
442 4177 593 4242 mulctam
615 4185 757 4262 exponet
777 4186 834 4242 aut
855 4199 980 4243 carcere
1003 4180 1163 4265 punietur.

242 4302 270 4363 3.
315 4297 445 4362 Nemini
469 4306 560 4362 extra
581 4297 764 4362 facultatem
788 4297 1000 4384 theologicam
1021 4300 1130 4365 licebit
1145 4298 1415 4386 disputationibus

153 4403 221 4466 suis
245 4401 354 4465 theses
377 4399 573 4486 theologicas
596 4401 784 4479 immiscere,
806 4402 859 4466 vel
882 4405 951 4488 ejus
967 4404 1093 4490 generis
1109 4401 1273 4467 corollaria
1289 4401 1417 4482 addere,

154 4506 231 4568 talia
262 4504 421 4583 nimirum,
447 4525 518 4589 quae
541 4527 605 4568 non
628 4503 765 4579 aliunde,
789 4525 884 4590 quam
907 4529 946 4570 ex
970 4507 1088 4572 lumine
1110 4506 1220 4590 gratiae
1243 4528 1299 4570 seu
1322 4527 1417 4592 pecn-

155 4609 225 4672 liari
247 4607 454 4689 revelatione,
477 4615 555 4671 nota
577 4617 661 4672 sunt.
