3564 5624
563 549 645 608 1655
670 549 715 608 ira
739 545 978 608 koustitutioner.

527 751 801 816 duramentum
827 751 1008 815 rectoris.

222 887 293 973 Ego
318 897 377 952 etc.
402 899 511 954 sancte
535 888 687 974 promitto
712 897 745 952 et
767 886 922 974 spondeo,
945 887 1084 973 primum
1107 907 1158 949 me
1174 883 1310 949 fideliter
1326 907 1403 971 ope·

131 1013 203 1054 ram
231 990 391 1072 daturum,
422 1001 458 1056 ut
485 1015 565 1078 pura
596 991 751 1076 evangelii
785 989 931 1055 doctriua
954 999 986 1054 et
1009 989 1077 1053 aliae
1100 997 1185 1053 artes
1204 987 1283 1052 Duo
1306 997 1404 1073 gratae

133 1103 168 1158 et
193 1095 334 1158 ccclesiae
358 1103 454 1180 atque
478 1093 660 1181 reipublicae
683 1094 778 1158 utiles
802 1103 835 1158 et
856 1093 1044 1158 necessariae
1071 1091 1225 1155 studiosae
1236 1092 1403 1178 juventuti

132 1208 366 1284 proponantur.
402 1197 530 1262 Deinde
547 1197 749 1261 serenissimo
766 1217 802 1259 ac
819 1197 1046 1284 potentissimo
1063 1194 1248 1280 principiae
1264 1194 1404 1276 domino,

132 1299 188 1363 dn.
215 1299 361 1365 Cauono
378 1299 558 1380 Gustare,
573 1301 640 1385 regi
658 1307 769 1364 nostro
785 1299 1033 1364 clementissimo
1050 1296 1193 1362 debitum
1212 1299 1403 1386 obsequium

133 1412 169 1467 et
192 1403 377 1468 fidelitatem
403 1402 572 1489 praestabo,
595 1411 690 1489 atque
713 1411 749 1465 ut
766 1425 876 1468 omnes
893 1401 1080 1467 academica
1092 1400 1311 1488 jurisdictioni
1330 1403 1404 1492 sub·

128 1507 213 1592 jacti
237 1507 320 1571 idem
343 1516 506 1594 praestent,
530 1506 737 1592 quantumin
758 1529 809 1570 me
832 1505 902 1585 erit,
923 1504 1117 1569 authoritate
1133 1505 1261 1590 publica
1275 1508 1403 1572 curabo.

133 1609 277 1697 insuper
304 1633 374 1697 quae
404 1610 445 1676 ad
469 1611 629 1689 salutem·
648 1609 836 1694 dignitatem
859 1615 955 1694 atqua
977 1608 1148 1672 utilitatem
1171 1609 1266 1697 hujus
1290 1611 1404 1675 acade-

133 1714 218 1794 miae,
244 1715 278 1779 in
310 1716 421 1802 primis
450 1737 527 1779 vero
559 1737 630 1801 quaa
649 1714 690 1778 ad
709 1717 830 1801 justam
853 1714 1016 1778 commissi
1038 1714 1178 1778 muneris
1202 1713 1404 1780 administra-

134 1819 260 1883 tionem
289 1820 420 1900 faciunt,
448 1819 560 1884 sedulo
589 1827 622 1884 et
649 1818 820 1905 diligenter
849 1817 1036 1904 procurabo.
1081 1817 1183 1882 Porro
1207 1819 1306 1883 aciem
1330 1842 1404 1884 oeu-

134 1923 253 2004 lorum,
275 1933 428 2010 quantum
451 1925 483 1988 in
508 1947 558 1988 me
582 1931 640 2002 est,
662 1925 695 1987 in
719 1945 829 1987 omnes
852 1921 947 2009 hujus
970 1921 1151 2008 reipublicae
1167 1922 1316 1989 literariae
1331 1948 1404 2012 par-

134 2038 187 2093 tes
211 2027 383 2109 intendam,
408 2039 440 2094 et
467 2027 542 2116 quid
579 2037 665 2093 reete
688 2026 829 2114 quidque
852 2049 944 2091 secus
966 2035 1032 2091 tam
1055 2049 1074 2091 a
1096 2025 1285 2092 docentibus
1309 2051 1404 2115 quam

136 2131 337 2198 discentibus
367 2134 431 2214 liat,
459 2155 523 2197 non
550 2141 675 2197 tantum
703 2133 773 2218 ipse
802 2131 991 2212 observub0,
1022 2154 1132 2196 verum
1156 2132 1252 2196 etiam
1275 2133 1302 2197 si
1326 2133 1404 2220 quid

135 2245 194 2300 aut
217 2237 417 2324 negligenter
438 2247 494 2303 aut
516 2259 683 2324 perperam
706 2237 827 2300 factum
849 2236 955 2317 fuerit,
977 2237 1217 2301 communicatis
1241 2260 1312 2302 cum
1334 2261 1405 2303 aca-

136 2339 252 2405 demiae
275 2352 389 2407 senatu
412 2343 497 2406 etin
521 2341 721 2428 gravioribus
745 2363 815 2404 oum
839 2339 1087 2427 procancellario
1111 2341 1263 2422 consiliis,
1294 2365 1402 2428 quam-

137 2446 276 2532 primum
307 2446 476 2512 emcudare
505 2456 601 2532 atque
629 2445 757 2510 abolere
785 2444 934 2510 conabor.
980 2445 1019 2508 ln
1047 2443 1260 2532 dijudicandis
1288 2449 1404 2528 causis,

137 2553 171 2614 in
205 2549 436 2618 distribuendis
467 2550 607 2637 praemiis
637 2559 693 2613 aut
713 2571 818 2635 poena
840 2549 935 2614 alicui
957 2549 1127 2636 irroganda
1149 2551 1283 2638 aliisquo
1306 2575 1404 2638 nego-

136 2659 193 2723 tiis
222 2656 359 2744 publicis
389 2652 649 2720 administrandis
677 2652 776 2739 leges,
800 2654 960 2740 justitiam
991 2663 1023 2718 et
1051 2656 1234 2740 aequitatem
1258 2658 1405 2723 servabo.

137 2759 296 2842 Tandem,
327 2761 516 2846 magistratu
540 2757 699 2844 deposito,
721 2781 923 2844 nequaquam
947 2781 987 2823 ex
1010 2759 1088 2824 urbe
1111 2768 1185 2825 ante
1204 2759 1404 2827 discessurus

139 2877 197 2933 aut
225 2867 318 2931 aliam
347 2865 545 2929 functionem
573 2870 780 2948 suscepturus
809 2886 888 2942 sum,
912 2885 1006 2948 quam
1029 2864 1168 2928 rationes
1191 2864 1404 2931 administrati

139 2973 247 3051 officii,
275 2979 371 3057 prout
400 2968 646 3032 constitutiones
674 2967 849 3053 requirunt,
878 2967 1048 3033 academiae
1077 2971 1201 3033 senatui
1223 2970 1405 3052 reddidero,

139 3077 204 3142 nisi
225 3075 258 3140 id
282 3095 360 3161 pace
384 3082 416 3138 et
438 3095 597 3137 consensu
620 3071 764 3158 ejusdem
778 3072 846 3136 lieri
863 3073 975 3158 possit.
1010 3071 1063 3137 lta
1078 3097 1128 3138 me
1144 3074 1243 3139 Duus
1261 3075 1402 3162 adjuvet.

229 3183 259 3244 4.
304 3177 391 3243 Hinc
419 3198 505 3242 novo
529 3177 643 3240 rectori
668 3177 805 3262 insignia
827 3175 943 3250 tradet,
967 3187 1103 3264 sceptra,
1127 3178 1275 3264 sigillum,
1297 3182 1404 3247 claves

141 3285 274 3363 archivi,
302 3282 436 3347 carceris
460 3289 493 3346 et
514 3281 581 3344 fisci
604 3303 674 3344 cum
700 3288 891 3345 statutorum
914 3281 1007 3365 libro,
1030 3281 1140 3347 addita
1162 3283 1253 3349 brevi
1276 3285 1317 3348 ad
1340 3286 1405 3350 sin-

138 3389 215 3473 gula
237 3385 469 3452 exhortatione.
505 3383 587 3449 Inde
602 3384 749 3450 recitabit
764 3387 953 3450 secretarius
970 3385 1139 3452 academia
1159 3389 1404 3456 constitutiones

139 3491 180 3556 da
204 3493 272 3558 vita
294 3501 327 3555 et
349 3491 490 3556 moribus
514 3489 731 3554 studiosorum
756 3490 995 3578 eorundemque
1018 3493 1195 3578 privilegia.

226 3599 255 3661 5.
301 3595 382 3660 Post
408 3595 475 3658 haec
503 3615 608 3658 novus
638 3603 743 3659 rector
765 3597 986 3682 magistratum
1010 3597 1174 3685 suscipiat,
1196 3597 1255 3661 hac
1278 3597 1404 3663 solenni

139 3699 210 3763 voti
232 3699 370 3764 formula
391 3699 541 3763 recitata:

226 3803 346 3884 Grave,
374 3803 549 3882 auditores,
579 3801 657 3866 mihi
684 3801 780 3868 hodic
807 3805 985 3892 injunctum
1014 3829 1129 3872 muuus
1153 3829 1225 3872 esse
1249 3807 1403 3893 intelligo,
1463 3811 1466 3818 '

138 3906 190 3970 cui
218 3907 280 3973 rite
307 3907 456 3974 obeundo
484 3929 535 3972 me
564 3907 694 3972 minime
722 3930 830 3994 parem
859 3931 998 3996 agnosco
1027 3911 1148 3998 absque
1180 3911 1332 3998 singulari
1354 3914 1403 3979 di·

139 4012 223 4076 vinae
252 4013 362 4099 gratita
396 4011 564 4098 adjutorio.
608 4011 837 4094 Quamobrem,
870 4023 907 4078 ut
940 4015 1001 4080 sub
1033 4014 1092 4080 hac
1125 4015 1402 4083 administratione

139 4117 248 4181 omnia
279 4138 298 4181 a
325 4140 375 4182 me
404 4117 540 4203 aliisque
571 4115 740 4181 academiae
763 4118 887 4183 civibus
910 4129 997 4184 recte
1018 4119 1096 4184 fiant
1119 4129 1152 4185 et
1173 4130 1325 4207 gerantur
1346 4123 1401 4189 be·

138 4243 244 4306 neque
273 4243 310 4285 ac
336 4221 473 4286 feliciter
500 4209 660 4303 e’vcniant,
688 4223 782 4307 agite,
805 4231 964 4309 quotquot
986 4225 1019 4288 in
1041 4223 1101 4288 hac
1123 4225 1310 4290 celebritate
1332 4248 1402 4292 aca-

139 4321 264 4389 demica
278 4313 441 4406 adsumus,
452 4348 559 4391 coram
574 4325 697 4390 Divina
711 4323 885 4411 Majestate
900 4349 959 4391 nos
976 4328 1138 4414 supplices
1151 4337 1402 4415 prosternamus

139 4449 205 4492 uuo
233 4429 376 4516 religiosi
407 4428 511 4495 cordis
540 4429 629 4494 cultu
656 4451 693 4493 ao
722 4428 884 4494 desiderio
913 4453 1039 4517 unaque
1071 4454 1151 4497 voce
1175 4431 1319 4500 divinum
1343 4437 1402 4501 im-

139 4531 302 4618 ploremus
331 4533 493 4600 auxilium.
539 4533 594 4598 Ad
620 4542 653 4597 tc
682 4533 788 4618 igitur,
812 4543 930 4600 aterne
954 4545 987 4600 et
1008 4536 1139 4600 infinita
1161 4537 1323 4624 potentiae,
1345 4539 1402 4604 bo-

140 4633 249 4702 nitatis
285 4648 318 4704 et
352 4637 576 4704 misericordias
608 4637 717 4716 Dans,
748 4635 855 4724 Pater,
886 4639 947 4704 Fili
972 4649 1005 4705 et
1028 4639 1169 4727 Spiritus
1194 4640 1320 4726 Sancte,
1344 4665 1402 4710 noa
