3520 5616
560 515 642 574 1666
667 515 712 574 tro
736 515 974 576 konrtltutloner.
1319 515 1361 578 29

144 696 227 760 cium
254 697 316 762 rite
343 696 546 782 designatus;
572 696 745 782 potiusque
774 696 812 776 ei,
839 697 890 761 cni
916 696 1034 782 gradus
1061 695 1205 777 offertur,
1231 720 1326 783 quarn
1349 701 1404 785 qui

144 822 214 865 eum
238 800 348 866 ambit

230 907 260 968 5.
305 903 500 990 Quicunque
529 901 758 970 examinandus
781 904 886 968 estin
904 905 988 990 jure,
1011 904 1169 970 medicina
1190 905 1241 970 vel
1264 905 1406 991 philoso-

143 1006 226 1092 phia,
249 1008 277 1072 is
300 1007 341 1072 ad
363 1029 496 1074 examen
525 1029 588 1072 non
611 1006 807 1086 admittetur,
829 1007 891 1072 nisi
914 1007 1062 1074 habuerit
1082 1008 1300 1074 testimonium
1323 1011 1406 1076 afa-

143 1112 262 1177 oultate
286 1112 465 1198 theologica
487 1111 528 1178 de
549 1112 732 1178 necessaria
753 1111 957 1176 articulorum
979 1109 1055 1178 fidei
1078 1112 1268 1198 cognitione,
1290 1137 1406 1203 nempe

143 1215 230 1302 quod
259 1225 293 1282 et
320 1217 409 1302 ipsos
436 1215 511 1282 fidei
534 1216 713 1282 christianae
736 1215 887 1280 articulos
909 1214 1084 1281 secundum
1109 1217 1256 1302 symbola
1276 1227 1309 1283 et
1331 1242 1406 1284 oon-

142 1317 318 1384 fessionem
341 1319 494 1386 Suecanae
517 1319 667 1398 ecclesia,
690 1327 724 1384 ct
747 1327 908 1384 auctorem
931 1317 1074 1384 locorum
1096 1320 1350 1406 theologicorum
1372 1325 1405 1388 in

142 1423 306 1489 academia
329 1433 495 1510 receptum
523 1431 609 1488 recte
638 1422 826 1510 perceperit,
854 1433 887 1487 et
914 1423 1089 1508 eorundem
1110 1424 1271 1511 praecipua
1291 1425 1407 1492 funda-

142 1537 252 1592 menta
278 1551 318 1594 ax
346 1528 504 1614 scriptura
530 1550 620 1593 sacra
647 1527 835 1613 depromere
864 1528 1011 1608 valuerit,
1037 1550 1096 1593 nec
1123 1550 1188 1593 non
1215 1530 1329 1594 seriem
1358 1531 1405 1596 hi-

143 1632 251 1698 storiae
285 1633 409 1698 biblicae
443 1633 562 1698 veteris
597 1641 630 1696 et
663 1631 739 1696 novi
767 1633 952 1696 testamenti
980 1632 1183 1698 mediocriter
1205 1634 1402 1719 cognoverit.

142 1734 187 1800 Et
209 1737 351 1804 vicissim
375 1739 430 1824 qui
453 1738 554 1802 ullum
576 1736 609 1800 in
634 1735 803 1822 theologia,
821 1737 895 1822 jure
918 1744 974 1801 aut
994 1735 1151 1802 medicina
1170 1735 1302 1823 gradum
1326 1739 1405 1802 acci·

142 1861 220 1925 pere
244 1841 333 1922 velit,
354 1841 382 1906 is
406 1841 500 1906 etiam
522 1841 656 1906 habebit
677 1839 899 1905 testimonium
920 1863 940 1905 a
961 1840 1112 1906 facultate
1127 1840 1349 1928 philosophica
1364 1842 1404 1906 de

142 1944 324 2012 necessaria
345 1946 536 2031 cognitione,
558 1966 618 2032 pro
640 1945 763 2008 ratione
786 1943 936 2026 instituti,
959 1943 1099 2010 historiae
1121 1945 1323 2022 universalis,
1345 1945 1406 2009 lin-

141 2072 276 2135 guarum
298 2058 333 2114 et
354 2047 595 2135 disciplinarum
618 2047 919 2136 philosophicarum.

230 2156 259 2220 6.
304 2153 344 2218 In
373 2151 579 2219 heterodoxae
604 2152 768 2238 religionis
798 2151 970 2218 academiis
999 2153 1118 2218 nemini
1141 2152 1250 2218 licebit
1270 2153 1404 2239 gradum

142 2257 298 2342 accipere.
622 2333 625 2340 ¹

227 2359 296 2426 1120
340 2360 542 2439 Quomodo
566 2358 816 2426 examinandi
838 2368 915 2424 tum
938 2360 1096 2446 publice
1112 2368 1189 2426 tum
1205 2360 1405 2447 privatim,

143 2465 210 2529 ubi
234 2473 275 2530 et
296 2464 343 2530 de
365 2465 452 2530 loco
474 2466 618 2551 cuique
641 2464 895 2549 assignando.

232 2572 261 2634 1.
306 2569 464 2635 Examina
485 2591 558 2633 oum
580 2567 759 2634 candidatis
782 2568 859 2633 bina
880 2568 1099 2648 instituentur,
1121 2591 1221 2633 unum
1235 2571 1403 2657 privatum
1517 2569 1521 2578 '

143 2676 280 2740 alterum
302 2675 475 2762 publicum.

230 2783 259 2843 2.
302 2778 469 2845 Privatum
493 2801 628 2843 examen
651 2779 695 2842 ita
717 2786 896 2864 peragetur.
945 2779 971 2841 1.
996 2776 1188 2864 Priusquam
1210 2779 1325 2865 aliquis
1350 2781 1404 2847 ad·

142 2881 290 2946 mittetur
311 2881 353 2948 ad
376 2905 508 2948 examen
531 2882 799 2970 philosophicum,
821 2883 982 2948 cavebunt
1002 2905 1061 2969 pro
1086 2885 1154 2969 ejus
1177 2884 1357 2970 aptitudine
1372 2895 1405 2951 et

141 2987 290 3074 profectu
318 2997 384 3052 tres
412 2987 572 3054 facultatis
601 2988 695 3052 istius
725 2987 935 3073 professores.
980 2991 1008 3052 2.
1032 2988 1072 3052 In
1095 2987 1244 3053 facultate
1267 2990 1405 3076 philoso-

140 3091 236 3178 phica
258 3091 398 3157 decanus
422 3114 485 3157 una
506 3115 578 3157 cum
601 3091 726 3157 duobus
748 3091 985 3178 professoribus
1007 3091 1147 3179 collegis,
1168 3115 1304 3179 quorum
1325 3096 1405 3162 alter

141 3197 202 3262 erit
232 3197 399 3285 professor
421 3198 620 3284 eloquentiae,
643 3195 805 3262 candidati
829 3197 1007 3283 profectum
1030 3197 1063 3261 in
1087 3197 1195 3262 studio
1217 3197 1324 3264 latinae
1345 3201 1405 3264 lin-

139 3325 213 3388 guae
241 3303 294 3368 vel
322 3303 458 3390 epistola
484 3301 537 3367 vel
565 3303 628 3368 alio
657 3303 764 3388 aliquo
793 3301 934 3368 themate
962 3301 1193 3368 conscribendo
1217 3302 1405 3390 explorabit,

140 3405 212 3470 sine
240 3407 326 3471 omni
354 3416 462 3473 tamen
484 3408 630 3493 impensa
653 3409 722 3493 ejus
745 3408 800 3492 qui
823 3407 1029 3471 examinatur.
1075 3405 1149 3470 Hoc
1172 3407 1326 3493 scriptum
1349 3405 1405 3472 de-

139 3531 240 3574 canus
267 3510 398 3597 reliquis
427 3509 589 3576 facultatis
613 3511 742 3597 collegis
766 3509 961 3575 censendum
984 3509 1163 3591 exhibebit;
1186 3510 1323 3597 quodsi
1346 3512 1404 3577 im-

139 3613 360 3700 probaverint,
388 3615 549 3702 rejiciatur
571 3616 604 3681 in
628 3613 713 3680 aliud
736 3623 873 3701 tempus.
908 3617 937 3679 3.
959 3613 1083 3679 Decani
1105 3622 1172 3679 tam
1193 3614 1405 3704 philosophiae

140 3741 239 3804 quam
267 3720 461 3806 reliquarum
484 3719 684 3800 facultatum,
706 3717 857 3784 adhibitis
880 3717 1027 3784 omnibus
1052 3719 1120 3783 suis
1145 3719 1285 3806 collegis,
1307 3721 1348 3785 ed
1370 3721 1404 3785 id

138 3823 203 3888 rite
235 3845 294 3910 per
321 3847 485 3890 cursorem
512 3824 668 3903 invitatis,
696 3823 729 3888 in
754 3822 824 3887 loco
847 3821 975 3908 publico
998 3831 1179 3889 accuratum
1203 3845 1275 3888 cum
1297 3823 1405 3889 candi-

138 3926 220 3992 dato
247 3927 419 3994 instituent
445 3951 588 4008 examen,
615 3929 734 4013 inquo
757 3926 941 4013 philosophi
965 3935 1110 4013 quatuor,
1127 3929 1350 4015 jurisconsulti
1372 3936 1406 3994 et

138 4031 260 4096 medici
288 4055 356 4114 sex,
383 4033 524 4119 theologi
557 4040 630 4097 octo
652 4029 747 4095 horas
772 4039 961 4097 consument
983 4031 1216 4118 diligenterque
1239 4033 1308 4119 ejus
1331 4056 1406 4120 prc-

137 4156 289 4220 gressum
322 4137 354 4202 in
389 4137 547 4218 omnibus,
576 4157 646 4220 quae
680 4133 722 4198 cd
749 4135 936 4200 facultatem
965 4145 1122 4222 spectant,
1144 4145 1268 4201 remoto
1291 4137 1403 4204 itidem

138 4239 230 4304 omni
252 4261 384 4325 prorsus
407 4249 547 4327 sumptu,
570 4239 806 4318 examinabunt,
828 4239 933 4304 minus
955 4239 1094 4327 peritum
1115 4239 1281 4326 repellent.

230 4347 260 4408 3.
304 4344 440 4410 Peracto
474 4343 619 4410 emmine
652 4341 791 4407 decanus
825 4344 981 4430 cujusque
1006 4342 1167 4408 facultatis
1197 4344 1403 4412 candidatum

138 4447 332 4529 hortabitur,
355 4458 391 4514 ut
411 4449 479 4515 hacc
501 4447 609 4515 studia
629 4468 693 4511 non
716 4447 867 4534 negligat,
889 4446 947 4513 sed
973 4449 1005 4512 in
1027 4455 1192 4534 posterum
1216 4450 1316 4516 multo
1337 4474 1402 4516 ma·

138 4552 190 4638 gis
223 4553 308 4617 colat
334 4554 430 4640 inque
456 4555 497 4622 iis
529 4576 564 4618 se
587 4561 743 4618 exerceat.
789 4551 909 4639 Exiget
931 4553 971 4618 ab
994 4550 1116 4632 eodem,
1139 4560 1175 4617 ut
1197 4565 1306 4622 sancte
1327 4580 1401 4644 pro-

139 4656 258 4736 mittat,
292 4679 327 4722 se
360 4663 392 4724 in
427 4659 514 4726 omni
542 4657 609 4722 vita
635 4657 836 4721 honestatem
866 4665 1070 4736 sectaturum,
1088 4678 1126 4720 ac
1148 4657 1181 4722 in
1204 4662 1345 4726 moribus
1368 4669 1402 4728 et
