3520 5616
403 525 446 588 42
784 529 865 588 1655
888 531 934 587 trs
959 529 1197 592 lonstitutioner.

445 717 475 777 4.
521 713 642 778 Graecae
668 714 784 798 lingua
811 712 974 799 professor
995 711 1102 778 tradet
1122 713 1336 799 cognitionem
1359 721 1392 777 ct
1413 735 1504 778 usum
1528 715 1625 779 istius

361 815 475 901 linguae
508 816 540 880 in
577 816 808 902 probatissimis
842 814 1083 900 quibuscunque
1116 814 1302 881 authoribus
1334 815 1558 882 ecclesiasticis
1590 827 1627 882 et

360 917 513 1003 profanis,
546 919 702 1005 imprimis
735 928 842 983 autem
871 919 903 982 in
932 917 1092 983 historicis
1115 919 1244 1006 optima
1268 927 1352 984 notae
1373 919 1479 1005 quoad
1502 921 1625 999 stilum,

361 1029 398 1084 ut
420 1029 452 1086 et
474 1022 664 1102 oratoribus,
685 1021 884 1108 philosophis
907 1029 940 1086 et
961 1021 1075 1107 potitis.
1111 1022 1320 1088 Juventutem
1341 1024 1473 1109 insuper
1486 1023 1518 1088 in
1535 1035 1625 1090 recte

361 1125 530 1190 scribendo
553 1134 586 1191 et
607 1125 768 1212 loquendo
791 1125 953 1190 exercebit
974 1125 1124 1212 privatim
1147 1135 1181 1192 et
1201 1127 1339 1212 publice,
1359 1127 1416 1192 ubi
1436 1127 1573 1208 libuerit,
1588 1127 1624 1192 in

362 1225 646 1295 declamationibus
662 1239 695 1294 et
709 1228 981 1314 disputationibus
996 1228 1162 1295 habendis.
1194 1228 1336 1293 Docebit
1349 1228 1429 1294 hora
1500 1230 1531 1294 in
1547 1229 1623 1294 aud·

450 1353 479 1415 5.
523 1349 741 1436 Philosophiae
763 1349 867 1415 civilis
890 1349 1055 1435 professor
1075 1349 1245 1435 quotannis
1261 1349 1396 1414 ethicam
1412 1358 1445 1414 et
1459 1349 1624 1435 politicam

363 1476 403 1518 ex
425 1452 611 1530 Aristotele,
637 1453 722 1517 illam
750 1474 825 1532 uno,
846 1452 928 1516 hanc
950 1473 1027 1517 vero
1050 1452 1150 1516 altero
1172 1453 1328 1533 semestri,
1350 1475 1421 1517 cum
1445 1454 1627 1518 necessaria

362 1564 485 1620 tantum
509 1564 619 1622 textus
642 1554 836 1642 paraphrasi,
858 1555 1015 1623 absolvet.
1059 1553 1105 1617 Et
1126 1563 1164 1618 ut
1184 1553 1321 1620 studiosi
1344 1557 1414 1620 sine
1436 1554 1625 1641 ambagibus

362 1657 545 1744 reipublice
568 1665 795 1743 praeparentur,
817 1658 849 1719 in
871 1655 1016 1721 doctrina
1031 1679 1153 1721 morum
1170 1666 1204 1721 et
1218 1659 1364 1745 politices
1381 1657 1626 1745 probatissimos

364 1783 509 1846 quosque
532 1760 693 1840 authores,
715 1781 822 1824 sacros
842 1768 875 1824 et
895 1759 1057 1845 profanos,
1078 1781 1207 1844 graecos,
1231 1762 1346 1826 latinos
1369 1770 1402 1826 et
1415 1761 1547 1826 aliarum
1563 1761 1626 1825 liu-

363 1887 506 1950 guarum,
537 1863 722 1928 Aristotelis
749 1862 878 1928 lectioni
901 1860 1013 1926 ordine
1036 1863 1238 1928 convenienti
1261 1862 1482 1949 adjungendos
1505 1874 1538 1930 et
1560 1866 1627 1950 pri-

364 1969 464 2033 vatim
486 1967 638 2053 legendos
657 1964 821 2053 juventuti
844 1962 1087 2029 commendabit.
1122 1963 1161 2028 In
1184 1965 1324 2051 politicis
1347 1975 1463 2047 autem,
1485 1989 1556 2031 eum
1583 1966 1625 2031 ad

365 2072 426 2136 alia
457 2072 564 2136 omnia
591 2080 658 2134 tum
688 2069 826 2135 maxime
853 2067 986 2154 adjura
1008 2067 1184 2154 majestatis
1206 2070 1371 2134 enucleate
1393 2069 1627 2156 cognoscenda,

364 2196 428 2261 qua
449 2173 585 2260 publice,
606 2195 670 2259 qua
691 2171 842 2259 privatim
864 2169 1025 2235 auditores
1048 2193 1124 2236 snos
1140 2193 1234 2236 manu
1251 2171 1355 2253 ducet,
1369 2173 1626 2258 monstrabitque

364 2278 512 2364 exemplo
541 2278 715 2363 patriarum
744 2275 1009 2340 constitutionum
1036 2297 1107 2359 quae
1133 2274 1177 2338 sit
1206 2284 1238 2338 et
1261 2297 1332 2341 esse
1355 2275 1472 2342 debeat
1493 2299 1627 2341 smnmae

365 2381 536 2469 potestatis
569 2402 660 2446 ema:
695 2382 723 2446 l.
752 2379 836 2442 circa
865 2376 1051 2461 religionem
1080 2384 1114 2442 et
1136 2399 1234 2454 sacra,
1263 2381 1291 2442 2.
1316 2378 1348 2441 in
1367 2379 1502 2465 justitiae
1524 2378 1627 2444 admi-

364 2484 563 2563 nistratione,
597 2486 625 2548 3.
653 2479 760 2567 quoad
793 2489 896 2545 status
930 2478 1150 2544 defensionem
1178 2489 1212 2544 et
1239 2480 1443 2546 securitatem
1475 2491 1561 2546 terra
1594 2491 1629 2546 et

365 2588 455 2667 mari,
486 2591 516 2651 4.
547 2585 630 2650 circa
659 2584 886 2667 oeconomiam,
915 2605 980 2647 non
1011 2581 1107 2647 modo
1137 2583 1170 2647 in
1199 2582 1399 2668 procuranda
1427 2606 1533 2648 rerum
1558 2607 1627 2650 om-

366 2690 453 2754 nium
482 2688 683 2768 sufficientia,
704 2696 769 2752 tam
792 2687 857 2751 ruri
882 2707 940 2771 per
961 2707 1110 2770 agrorum
1132 2695 1165 2750 et
1187 2687 1233 2750 rei
1254 2687 1438 2752 metallariae
1461 2688 1629 2768 culturam,

365 2815 460 2879 quam
484 2791 516 2856 in
539 2791 670 2856 urbibus
693 2801 726 2855 et
748 2788 875 2876 oppidis
898 2787 1052 2853 beneficio
1075 2788 1272 2874 opificiorum
1298 2798 1330 2853 et
1350 2791 1613 2856 commerciorum
1619 2815 1628 2872 3

367 2895 425 2963 sed
448 2896 544 2960 etiam
567 2897 595 2959 5.
618 2894 650 2958 in
673 2893 784 2960 aerario
806 2900 893 2958 recte
915 2889 1140 2956 constituendo
1164 2899 1197 2956 et
1219 2891 1381 2978 augend03
1404 2891 1535 2960 docebit
1549 2895 1630 2959 hora

367 3005 387 3066 8
413 3001 447 3066 in
469 2999 542 3064 and.
565 2999 640 3062 min.

453 3123 482 3185 6.
526 3119 710 3185 Historious
733 3117 946 3184 universalem
969 3116 1134 3182 historiam
1158 3138 1198 3180 ex
1221 3115 1354 3181 authore
1377 3117 1484 3204 aliquo
1503 3120 1629 3186 eximiae

366 3234 461 3305 notas,
489 3223 713 3310 particularem
741 3244 819 3286 vero
848 3241 970 3285 sacram
998 3243 1017 3285 e
1044 3218 1183 3306 Sulpitio
1211 3218 1344 3300 Severo,
1365 3223 1530 3308 assyriam,
1556 3245 1630 3310 per-

368 3331 465 3394 sicam
495 3336 529 3394 et
556 3347 690 3413 graecam
721 3347 738 3390 e
765 3323 907 3406 Justino,
936 3321 1086 3389 Cornelio
1107 3321 1236 3407 Nepote
1259 3331 1292 3388 et
1314 3323 1437 3404 Curtio,
1464 3347 1628 3392 romanam

367 3453 408 3497 ex
430 3431 571 3518 Vellejo‚
592 3427 761 3516 Eutropio,
783 3427 882 3493 Floro
905 3435 939 3492 et
960 3425 1060 3493 Sexto
1084 3426 1218 3492 Aurelio
1244 3425 1387 3508 Victore,
1414 3428 1570 3494 suecicam
1588 3452 1628 3494 ex

369 3536 454 3601 bono
477 3533 584 3620 aliquo
606 3554 711 3597 rerum
734 3531 982 3597 domesticarum
1004 3531 1158 3613 scriptore
1181 3530 1233 3595 vel
1256 3531 1387 3617 propria
1408 3530 1550 3597 historiae
1572 3555 1629 3620 pa-

367 3639 438 3704 triae
461 3637 661 3704 enarratione
683 3636 826 3701 breviter
847 3631 962 3712 madet,
985 3641 1019 3698 et
1039 3632 1142 3713 simul,
1165 3633 1220 3698 abi
1242 3632 1498 3718 supradictorum
1513 3635 1628 3723 aliquis

368 3742 401 3806 in
434 3740 648 3826 descriptione
682 3739 735 3805 vel
768 3737 876 3803 deficit
904 3735 955 3800 vel
982 3734 1110 3815 desinit,
1136 3735 1252 3799 seriem
1274 3747 1563 3824 rerumgestarum
1588 3762 1628 3805 ex

369 3845 570 3910 uberioribus
598 3842 759 3908 historicis
781 3838 952 3927 supplebit
996 3837 1050 3902 Ad
1073 3837 1280 3924 particulares
1302 3849 1408 3906 autem
1431 3842 1629 3928 singulorum

370 3948 571 4036 populorum,
603 3956 668 4011 tam
701 3955 857 4024 veterum,
889 3964 985 4029 quam
1010 3941 1245 4023 hodiernorum,
1268 3944 1427 4031 praecipue
1449 3946 1629 4010 vicinorum

369 4053 520 4119 historias
543 4074 583 4116 ex
606 4047 840 4137 probatissimis
863 4045 1043 4131 quibusque
1063 4045 1251 4111 authoribus
1270 4046 1375 4112 fusius
1390 4047 1629 4132 cognoscendas

371 4157 455 4222 viam
480 4153 644 4243 juventuti
673 4152 799 4240 publice
827 4157 861 4214 et
887 4149 1039 4235 privatim
1067 4149 1267 4228 monstrabit,
1288 4150 1430 4214 accensis
1455 4150 1573 4237 ubique
1595 4153 1627 4215 in

370 4261 575 4326 historiarum
596 4258 734 4324 lectione
756 4251 945 4321 necessariis
969 4253 1155 4338 proficiendi
1177 4252 1301 4318 facibus
1325 4274 1364 4316 ex
1388 4252 1508 4318 veteris
1532 4263 1565 4318 et
1580 4277 1628 4318 re·

370 4363 521 4428 centioris
548 4361 609 4427 avi
631 4359 844 4444 chronologia,
865 4357 1059 4444 geographia
1082 4365 1115 4421 et
1135 4355 1328 4443 genealogia.
1374 4355 1479 4422 Usum
1501 4357 1630 4422 histori-

371 4488 460 4531 arum
493 4465 525 4529 in
561 4463 712 4546 ecclesiae,
746 4461 865 4550 politiae
894 4469 928 4525 et
954 4459 1147 4526 oeconomia
1169 4457 1445 4524 administratione
1468 4459 1627 4542 ostendet,

372 4591 506 4655 cumque
527 4568 677 4654 praesenti
697 4565 879 4653 reipublicae
898 4572 983 4628 stata
1002 4571 1147 4628 veterum
1164 4561 1467 4648 rerumpublicarum
1484 4563 1629 4650 exempla

372 4674 524 4754 conferet,
545 4671 643 4759 idque
664 4670 743 4736 hora
764 4669 866 4759 prima
888 4666 1041 4757 pomerid.
1067 4667 1100 4734 ia
1122 4665 1194 4735 aud.
1218 4673 1280 4734 vet.
1305 4667 1377 4756 maj.
