3520 5616
523 553 605 612 lttb
629 551 675 610 lrs
698 551 936 612 lcnrtitntioner.
1286 550 1329 613 45

194 733 298 800 Porro
320 735 512 800 facultatum
536 736 676 800 omnium
699 735 911 822 professores,
933 744 967 800 et
988 757 1060 800 cum
1082 736 1195 822 primis
1218 739 1373 823 cujusque

0 873 1 878 κ
107 835 321 923 inspectores,
356 840 501 926 singulos
533 840 607 906 fidei
639 849 671 904 et
700 863 782 905 curae
814 862 879 904 susa
911 839 1098 906 commissos
1130 840 1302 927 diligenter
1331 841 1372 906 ad

109 941 294 1028 eligendum
322 954 445 1010 certum
474 943 604 1031 aliquod
632 946 707 1010 vitre
728 965 830 1030 genus
853 952 1012 1029 oportune
1034 943 1265 1026 admonebunt3
1287 946 1374 1033 quod

107 1046 134 1110 si
158 1069 329 1134 capessere
353 1047 489 1114 studiosi
511 1049 707 1136 aliquantum
730 1047 922 1126 distulerint,
946 1049 1029 1114 ultra
1049 1048 1208 1116 decimum
1222 1061 1371 1118 octavum

109 1153 215 1218 aetatis
237 1175 355 1218 annum
380 1152 465 1219 haud
487 1153 713 1240 permittentur
734 1153 903 1239 prolatare,
926 1175 965 1218 ue
988 1155 1105 1241 quain
1121 1155 1192 1221 illos
1207 1160 1372 1244 temporis,

109 1257 263 1344 impensae
286 1265 320 1322 et
342 1257 520 1323 studiorum
539 1259 665 1344 jactura
686 1279 726 1322 ex
748 1257 805 1322 tali
827 1258 975 1343 neglectu
997 1269 1173 1346 promanet.

619 1482 721 1565 Cap.
745 1481 879 1546 XXI.

651 1638 699 1702 De
721 1638 826 1724 serila

199 1814 225 1874 1.
271 1809 374 1875 Feriae
408 1811 574 1875 ordinariae
602 1812 634 1875 in
662 1809 824 1876 academia
851 1820 944 1874 erunt
970 1811 1091 1876 natales
1119 1810 1241 1876 Christi
1269 1835 1288 1877 a
1318 1814 1370 1880 die

111 1913 143 1978 S.
165 1915 298 1979 Thomae
329 1914 369 1980 ad
401 1914 521 1980 festum
551 1914 752 2001 epiphanias:
776 1914 940 2002 paschales
967 1938 986 1980 a
1015 1913 1174 1980 dominica
1195 1917 1370 2002 palmarum

110 2018 352 2104 quatuordecim
375 2018 513 2084 dierum:
537 2020 731 2085 caniculares
754 2021 884 2104 triginta
906 2018 1038 2084 dierum.

192 2129 221 2188 2.
265 2123 365 2202 Quod
388 2133 494 2188 autem
517 2123 653 2188 studiosi
676 2123 831 2210 indigenas
855 2124 971 2209 saepius
993 2122 1146 2209 neglectis
1169 2124 1284 2189 studiis
1308 2125 1371 2190 alio

110 2247 145 2290 se
166 2227 344 2307 eonfemnt,
365 2227 474 2313 ibique
496 2227 617 2292 diutius
640 2227 800 2292 interdum
823 2237 1055 2292 commorantes
1078 2249 1179 2293 vacua
1202 2228 1369 2293 academiae

110 2330 270 2394 auditoria
297 2330 493 2417 relinquunt,
521 2330 554 2395 id
582 2331 635 2396 S:a
661 2330 722 2396 Rue
749 2331 878 2418 Majrtas
901 2353 1013 2396 severe
1036 2331 1186 2418 prohibet
1208 2333 1239 2396 iu
1264 2343 1370 2418 poste-

109 2457 178 2499 rum
201 2437 280 2514 lieri,
302 2436 335 2499 in
359 2435 582 2521 delinquentes
605 2435 876 2502 animadversum.

599 2763 700 2847 Cap.
729 2763 878 2830 XXII.

583 2921 633 2984 De
653 2921 900 3006 imperatoribus.

359 3098 385 3158 1.
430 3093 588 3158 Aerarii
610 3093 760 3180 publici
783 3103 822 3158 et
843 3092 1116 3158 aedificiorum.

195 3233 222 3294 1.
268 3229 476 3317 Inspectores
499 3230 530 3295 hi
555 3255 595 3296 ex
618 3253 750 3296 numero
773 3230 991 3318 professorum
1014 3232 1079 3297 hini
1101 3232 1272 3317 quotannis
1295 3253 1370 3296 ocn-

1 3323 2 3332 ’
109 3333 290 3400 stituentur.

192 3443 222 3504 2.
269 3438 395 3504 Horum
418 3461 493 3504 cura
516 3439 577 3504 erit
600 3443 627 3506 l.
651 3439 786 3520 Videre,
808 3448 852 3519 ut,
872 3438 958 3525 quod
974 3461 1013 3503 ex
1030 3438 1185 3504 reditibus
1201 3439 1369 3504 academiae

109 3553 248 3628 qnaestor
270 3543 402 3629 colligit,
420 3546 511 3630 justo
533 3554 678 3631 tempore
697 3546 806 3609 serario
829 3543 985 3609 inferatur
1004 3543 1137 3629 locoque
1152 3550 1223 3608 tuto
1240 3553 1273 3608 et
1287 3543 1369 3608 bene

108 3648 228 3712 munito
263 3656 457 3713 asservetur.
504 3651 533 3713 2.
568 3647 612 3714 Ut
639 3647 801 3736 stipendia
826 3648 1062 3735 professoribus
1090 3656 1123 3712 et
1144 3648 1276 3733 reliquis
1299 3669 1370 3713 aca-

109 3751 219 3816 demiae
248 3752 400 3818 membris
429 3752 479 3817 bis
505 3754 539 3817 in
561 3775 644 3818 auno
667 3752 900 3838 persolvantur,
922 3752 963 3817 ad
984 3753 1115 3817 tertium
1137 3750 1223 3818 diem
1245 3752 1368 3838 Aprilis

108 3855 273 3922 dimidium
297 3879 438 3937 summae,
459 3857 615 3943 reliquum
640 3880 718 3922 vero
733 3857 817 3922 circa
834 3860 874 3923 20
890 3856 976 3922 diem
994 3856 1208 3945 Septembris:
1231 3857 1368 3922 alumnis

107 3971 212 4026 autem
241 3961 339 4047 regiis
366 3961 523 4047 vigesima
548 3961 644 4026 tertia
670 3959 722 4026 die
749 3960 839 4026 «lunii
862 3969 895 4027 et
918 3961 1072 4047 vigesima
1094 3961 1146 4026 die
1168 3961 1366 4026 Decembris.

109 4069 135 4130 3.
159 4065 339 4131 Providere
365 4087 406 4130 ne
432 4066 517 4131 bona
544 4065 723 4146 academia,
744 4064 834 4130 fundi
859 4075 892 4130 et
913 4065 1019 4130 coloni
1040 4088 1059 4130 a
1079 4073 1236 4152 quaestore
1259 4065 1367 4152 inique

107 4179 291 4250 tractentur,
319 4192 360 4236 ne
387 4171 571 4236 minuantur
596 4170 729 4236 reditus.
772 4170 882 4249 Quare
905 4169 946 4234 ad
967 4168 1132 4235 minimum
1154 4171 1266 4256 quinto
1289 4193 1367 4257 quo·

107 4275 184 4341 lihet
212 4296 298 4340 anno
321 4273 464 4340 visitatio
488 4274 629 4338 omnium
652 4273 843 4360 prediorum
866 4273 1063 4340 instituenda
1085 4283 1143 4340 est.
1187 4273 1232 4338 Et
1254 4275 1281 4339 si
1304 4297 1368 4362 qua

106 4379 249 4445 remissio
272 4400 388 4444 census
411 4379 532 4444 rustico
554 4379 649 4443 alicui
670 4377 859 4444 necessariis
881 4378 921 4443 de
940 4379 1044 4444 causis
1059 4377 1262 4444 concedenda
1277 4378 1367 4445 vide-

107 4493 184 4559 atu,
215 4483 250 4549 id
281 4491 356 4570 post
382 4491 549 4569 acceptum
579 4483 804 4548 sterritcriali
822 4481 946 4569 judicio
968 4481 1184 4546 testimoninm
1207 4481 1240 4546 in
1263 4483 1366 4547 consi·

107 4588 203 4654 sturio
233 4588 347 4674 majori
378 4587 473 4673 pleno
501 4586 781 4652 determinandum
811 4588 882 4654 erit.
926 4587 1087 4652 Praeterea
1117 4586 1295 4672 siquando
1317 4590 1365 4654 lu-

108 4693 269 4758 strandum
299 4693 398 4758 fuerit
419 4691 548 4779 aliquod
570 4692 736 4778 praedium,
758 4692 916 4777 eligentur
934 4716 954 4757 a
974 4692 1165 4758 consistorio
1190 4693 1268 4758 certi
1289 4713 1363 4779 pro-
