<?xml version="1.0" encoding="UTF-8"?>
<!DOCTYPE html PUBLIC "-//W3C//DTD XHTML 1.0 Transitional//EN"
    "http://www.w3.org/TR/xhtml1/DTD/xhtml1-transitional.dtd">
<html xmlns="http://www.w3.org/1999/xhtml" xml:lang="en" lang="en">
 <head>
  <title>
</title>
<meta http-equiv="Content-Type" content="text/html;charset=utf-8" />
  <meta name='ocr-system' content='tesseract 3.04.00' />
  <meta name='ocr-capabilities' content='ocr_page ocr_carea ocr_par ocr_line ocrx_word'/>
</head>
<body>
  <div class='ocr_page' id='page_1' title='image "./upsalauniversit00annegoog_0070.png"; bbox 0 0 3520 5616; ppageno 0'>
   <div class='ocr_carea' id='block_1_1' title="bbox 396 565 1198 632">
    <p class='ocr_par' dir='ltr' id='par_1_1' title="bbox 396 565 1198 632">
     <span class='ocr_line' id='line_1_1' title="bbox 396 565 1198 632; baseline -0.001 -2"><span class='ocrx_word' id='word_1_1' title='bbox 396 565 437 630; x_wconf 87' lang='grc'>46</span> <span class='ocrx_word' id='word_1_2' title='bbox 788 573 869 631; x_wconf 80' lang='grc'><strong>1665</strong></span> <span class='ocrx_word' id='word_1_3' title='bbox 893 572 938 631; x_wconf 81' lang='lat' dir='ltr'>tra</span> <span class='ocrx_word' id='word_1_4' title='bbox 963 571 1198 632; x_wconf 81' lang='lat' dir='ltr'>honstitutionar.</span> 
     </span>
    </p>
   </div>
   <div class='ocr_carea' id='block_1_2' title="bbox 353 757 1662 2825">
    <p class='ocr_par' dir='ltr' id='par_1_2' title="bbox 353 757 1662 2825">
     <span class='ocr_line' id='line_1_2' title="bbox 353 757 1620 845; baseline -0.002 -20"><span class='ocrx_word' id='word_1_5' title='bbox 353 760 504 842; x_wconf 82' lang='lat' dir='ltr'>sessores,</span> <span class='ocrx_word' id='word_1_6' title='bbox 534 758 590 844; x_wconf 92' lang='lat' dir='ltr'>qui</span> <span class='ocrx_word' id='word_1_7' title='bbox 617 758 774 845; x_wconf 77' lang='lat' dir='ltr'>postridie</span> <span class='ocrx_word' id='word_1_8' title='bbox 797 780 836 824; x_wconf 89' lang='lat' dir='ltr'>eo</span> <span class='ocrx_word' id='word_1_9' title='bbox 861 758 1067 824; x_wconf 87' lang='lat' dir='ltr'>contendent.</span> <span class='ocrx_word' id='word_1_10' title='bbox 1112 762 1142 824; x_wconf 90' lang='grc'>4.</span> <span class='ocrx_word' id='word_1_11' title='bbox 1166 758 1219 824; x_wconf 87' lang='lat' dir='ltr'>Ad</span> <span class='ocrx_word' id='word_1_12' title='bbox 1243 768 1435 824; x_wconf 75' lang='lat' dir='ltr'><strong>structuram</strong></span> <span class='ocrx_word' id='word_1_13' title='bbox 1457 783 1495 824; x_wconf 89' lang='lat' dir='ltr'>ac</span> <span class='ocrx_word' id='word_1_14' title='bbox 1517 757 1620 824; x_wconf 86' lang='lat' dir='ltr'>aedifi·</span> 
     </span>
     <span class='ocr_line' id='line_1_3' title="bbox 353 862 1620 950; baseline -0.002 -21"><span class='ocrx_word' id='word_1_15' title='bbox 353 865 473 929; x_wconf 90' lang='lat' dir='ltr'>ciorum</span> <span class='ocrx_word' id='word_1_16' title='bbox 504 862 754 928; x_wconf 78' lang='lat' dir='ltr'>academicorum</span> <span class='ocrx_word' id='word_1_17' title='bbox 785 865 1021 950; x_wconf 81' lang='lat' dir='ltr'><strong>reparationem</strong></span> <span class='ocrx_word' id='word_1_18' title='bbox 1051 864 1194 950; x_wconf 88' lang='lat' dir='ltr'>aliosque</span> <span class='ocrx_word' id='word_1_19' title='bbox 1225 863 1394 928; x_wconf 76' lang='lat' dir='ltr'>academiae</span> <span class='ocrx_word' id='word_1_20' title='bbox 1416 886 1494 928; x_wconf 86' lang='lat' dir='ltr'>usus</span> <span class='ocrx_word' id='word_1_21' title='bbox 1517 885 1620 949; x_wconf 90' lang='lat' dir='ltr'>pecu-</span> 
     </span>
     <span class='ocr_line' id='line_1_4' title="bbox 354 967 1617 1055; baseline -0.001 -23"><span class='ocrx_word' id='word_1_22' title='bbox 354 969 438 1033; x_wconf 87' lang='lat' dir='ltr'>niam</span> <span class='ocrx_word' id='word_1_23' title='bbox 467 991 508 1032; x_wconf 84' lang='lat' dir='ltr'>ex</span> <span class='ocrx_word' id='word_1_24' title='bbox 530 968 640 1032; x_wconf 87' lang='lat' dir='ltr'>aerario</span> <span class='ocrx_word' id='word_1_25' title='bbox 663 967 863 1055; x_wconf 86' lang='lat' dir='ltr'>depromere,</span> <span class='ocrx_word' id='word_1_26' title='bbox 885 989 1018 1054; x_wconf 88' lang='lat' dir='ltr'>eamque</span> <span class='ocrx_word' id='word_1_27' title='bbox 1040 967 1214 1032; x_wconf 89' lang='lat' dir='ltr'>architecto</span> <span class='ocrx_word' id='word_1_28' title='bbox 1237 976 1271 1033; x_wconf 91' lang='lat' dir='ltr'>et</span> <span class='ocrx_word' id='word_1_29' title='bbox 1292 967 1445 1053; x_wconf 88' lang='lat' dir='ltr'>operariis</span> <span class='ocrx_word' id='word_1_30' title='bbox 1467 967 1617 1035; x_wconf 89' lang='lat' dir='ltr'>reddere.</span> 
     </span>
     <span class='ocr_line' id='line_1_5' title="bbox 355 1071 1619 1159; baseline 0 -22"><span class='ocrx_word' id='word_1_31' title='bbox 355 1077 383 1138; x_wconf 82' lang='lat'>5.</span> <span class='ocrx_word' id='word_1_32' title='bbox 414 1073 577 1137; x_wconf 87' lang='lat' dir='ltr'>AErarium</span> <span class='ocrx_word' id='word_1_33' title='bbox 606 1073 711 1159; x_wconf 91' lang='lat' dir='ltr'>ipsum</span> <span class='ocrx_word' id='word_1_34' title='bbox 739 1073 842 1136; x_wconf 85' lang='lat' dir='ltr'>tribus</span> <span class='ocrx_word' id='word_1_35' title='bbox 864 1072 1009 1137; x_wconf 84' lang='lat' dir='ltr'>clavibus</span> <span class='ocrx_word' id='word_1_36' title='bbox 1031 1073 1174 1137; x_wconf 88' lang='lat' dir='ltr'>clausum</span> <span class='ocrx_word' id='word_1_37' title='bbox 1198 1071 1267 1151; x_wconf 88' lang='lat' dir='ltr'>erit,</span> <span class='ocrx_word' id='word_1_38' title='bbox 1289 1073 1395 1157; x_wconf 88' lang='lat' dir='ltr'>aitque</span> <span class='ocrx_word' id='word_1_39' title='bbox 1418 1094 1480 1136; x_wconf 89' lang='lat' dir='ltr'>una</span> <span class='ocrx_word' id='word_1_40' title='bbox 1502 1074 1534 1136; x_wconf 90' lang='lat' dir='ltr'>in</span> <span class='ocrx_word' id='word_1_41' title='bbox 1557 1094 1619 1159; x_wconf 93' lang='lat' dir='ltr'>po-</span> 
     </span>
     <span class='ocr_line' id='line_1_6' title="bbox 353 1175 1618 1262; baseline -0.001 -19"><span class='ocrx_word' id='word_1_42' title='bbox 353 1186 471 1244; x_wconf 88' lang='lat' dir='ltr'>testate</span> <span class='ocrx_word' id='word_1_43' title='bbox 498 1177 677 1262; x_wconf 71' lang='lat' dir='ltr'>quaestoris.</span> <span class='ocrx_word' id='word_1_44' title='bbox 706 1177 762 1262; x_wconf 90' lang='lat' dir='ltr'>qui</span> <span class='ocrx_word' id='word_1_45' title='bbox 784 1175 961 1240; x_wconf 88' lang='lat' dir='ltr'>rationibus</span> <span class='ocrx_word' id='word_1_46' title='bbox 984 1186 1109 1262; x_wconf 83' lang='lat' dir='ltr'>praeest,</span> <span class='ocrx_word' id='word_1_47' title='bbox 1131 1175 1261 1261; x_wconf 85' lang='lat' dir='ltr'>reliquae</span> <span class='ocrx_word' id='word_1_48' title='bbox 1283 1197 1382 1262; x_wconf 89' lang='lat' dir='ltr'>penes</span> <span class='ocrx_word' id='word_1_49' title='bbox 1404 1177 1618 1262; x_wconf 88' lang='lat' dir='ltr'>inspectores.</span> 
     </span>
     <span class='ocr_line' id='line_1_7' title="bbox 355 1279 1620 1367; baseline -0.002 -21"><span class='ocrx_word' id='word_1_50' title='bbox 355 1284 385 1348; x_wconf 89' lang='grc'>6.</span> <span class='ocrx_word' id='word_1_51' title='bbox 407 1280 631 1346; x_wconf 87' lang='lat' dir='ltr'>AEdiliciorum</span> <span class='ocrx_word' id='word_1_52' title='bbox 654 1303 781 1367; x_wconf 89' lang='lat' dir='ltr'>quoque</span> <span class='ocrx_word' id='word_1_53' title='bbox 805 1279 1004 1366; x_wconf 91' lang='lat' dir='ltr'>publicorum</span> <span class='ocrx_word' id='word_1_54' title='bbox 1027 1289 1218 1345; x_wconf 85' lang='lat' dir='ltr'>structuram</span> <span class='ocrx_word' id='word_1_55' title='bbox 1241 1281 1406 1362; x_wconf 88' lang='lat' dir='ltr'>curabunt,</span> <span class='ocrx_word' id='word_1_56' title='bbox 1430 1291 1516 1345; x_wconf 88' lang='lat' dir='ltr'>sarta</span> <span class='ocrx_word' id='word_1_57' title='bbox 1529 1289 1620 1344; x_wconf 88' lang='lat' dir='ltr'>tecta</span> 
     </span>
     <span class='ocr_line' id='line_1_8' title="bbox 354 1383 1662 1469; baseline -0.002 -18"><span class='ocrx_word' id='word_1_58' title='bbox 354 1385 590 1451; x_wconf 85' lang='lat' dir='ltr'>conservabunt</span> <span class='ocrx_word' id='word_1_59' title='bbox 619 1393 653 1449; x_wconf 90' lang='lat' dir='ltr'>et</span> <span class='ocrx_word' id='word_1_60' title='bbox 682 1383 848 1466; x_wconf 90' lang='lat' dir='ltr'>videbunt,</span> <span class='ocrx_word' id='word_1_61' title='bbox 881 1383 1020 1469; x_wconf 91' lang='lat' dir='ltr'>nequid</span> <span class='ocrx_word' id='word_1_62' title='bbox 1045 1384 1115 1448; x_wconf 88' lang='lat' dir='ltr'>aeris</span> <span class='ocrx_word' id='word_1_63' title='bbox 1138 1383 1257 1469; x_wconf 90' lang='lat' dir='ltr'>publici</span> <span class='ocrx_word' id='word_1_64' title='bbox 1281 1385 1313 1447; x_wconf 90' lang='lat' dir='ltr'>in</span> <span class='ocrx_word' id='word_1_65' title='bbox 1336 1384 1403 1449; x_wconf 84' lang='lat' dir='ltr'>haee</span> <span class='ocrx_word' id='word_1_66' title='bbox 1425 1384 1544 1449; x_wconf 87' lang='lat' dir='ltr'>frustra</span> <span class='ocrx_word' id='word_1_67' title='bbox 1565 1385 1617 1448; x_wconf 92' lang='lat' dir='ltr'>in·</span> <span class='ocrx_word' id='word_1_68' title='bbox 1656 1395 1662 1402; x_wconf 89' lang='lat'>&#39;</span> 
     </span>
     <span class='ocr_line' id='line_1_9' title="bbox 356 1486 1619 1574; baseline -0.002 -20"><span class='ocrx_word' id='word_1_69' title='bbox 356 1498 507 1554; x_wconf 78' lang='lat' dir='ltr'>sumatur.</span> <span class='ocrx_word' id='word_1_70' title='bbox 553 1491 580 1552; x_wconf 78' lang='lat'>7.</span> <span class='ocrx_word' id='word_1_71' title='bbox 608 1487 783 1574; x_wconf 83' lang='lat' dir='ltr'>Privilegia</span> <span class='ocrx_word' id='word_1_72' title='bbox 811 1486 949 1573; x_wconf 91' lang='lat' dir='ltr'>denique</span> <span class='ocrx_word' id='word_1_73' title='bbox 977 1497 1011 1553; x_wconf 88' lang='lat' dir='ltr'>et</span> <span class='ocrx_word' id='word_1_74' title='bbox 1037 1486 1213 1574; x_wconf 87' lang='lat' dir='ltr'>diplomata</span> <span class='ocrx_word' id='word_1_75' title='bbox 1241 1488 1367 1574; x_wconf 90' lang='lat' dir='ltr'>publica</span> <span class='ocrx_word' id='word_1_76' title='bbox 1387 1489 1420 1552; x_wconf 93' lang='lat' dir='ltr'>in</span> <span class='ocrx_word' id='word_1_77' title='bbox 1443 1490 1513 1554; x_wconf 93' lang='lat' dir='ltr'>loco</span> <span class='ocrx_word' id='word_1_78' title='bbox 1536 1489 1619 1553; x_wconf 90' lang='lat' dir='ltr'>satis</span> 
     </span>
     <span class='ocr_line' id='line_1_10' title="bbox 354 1592 1619 1678; baseline -0.003 -19"><span class='ocrx_word' id='word_1_79' title='bbox 354 1604 424 1660; x_wconf 88' lang='lat' dir='ltr'>tuto</span> <span class='ocrx_word' id='word_1_80' title='bbox 447 1593 693 1675; x_wconf 89' lang='lat' dir='ltr'>conservabunt,</span> <span class='ocrx_word' id='word_1_81' title='bbox 717 1595 806 1678; x_wconf 88' lang='lat' dir='ltr'>cujus</span> <span class='ocrx_word' id='word_1_82' title='bbox 830 1593 935 1658; x_wconf 86' lang='lat' dir='ltr'>claves</span> <span class='ocrx_word' id='word_1_83' title='bbox 959 1603 1053 1656; x_wconf 91' lang='lat' dir='ltr'>erunt</span> <span class='ocrx_word' id='word_1_84' title='bbox 1074 1601 1156 1672; x_wconf 72' lang='lat' dir='ltr'>tres,</span> <span class='ocrx_word' id='word_1_85' title='bbox 1179 1592 1372 1678; x_wconf 87' lang='lat' dir='ltr'>habebitque</span> <span class='ocrx_word' id='word_1_86' title='bbox 1391 1615 1485 1657; x_wconf 91' lang='lat' dir='ltr'>unam</span> <span class='ocrx_word' id='word_1_87' title='bbox 1502 1603 1619 1670; x_wconf 89' lang='lat' dir='ltr'>rector,</span> 
     </span>
     <span class='ocr_line' id='line_1_11' title="bbox 355 1695 1619 1782; baseline -0.002 -19"><span class='ocrx_word' id='word_1_88' title='bbox 355 1699 486 1763; x_wconf 86' lang='lat' dir='ltr'>alteram</span> <span class='ocrx_word' id='word_1_89' title='bbox 516 1705 665 1782; x_wconf 89' lang='lat' dir='ltr'>quaestor,</span> <span class='ocrx_word' id='word_1_90' title='bbox 692 1697 818 1760; x_wconf 87' lang='lat' dir='ltr'>tertiam</span> <span class='ocrx_word' id='word_1_91' title='bbox 841 1696 1040 1761; x_wconf 86' lang='lat' dir='ltr'>secretarius.</span> <span class='ocrx_word' id='word_1_92' title='bbox 1084 1695 1209 1761; x_wconf 91' lang='lat' dir='ltr'>Horum</span> <span class='ocrx_word' id='word_1_93' title='bbox 1233 1696 1371 1761; x_wconf 89' lang='lat' dir='ltr'>officium</span> <span class='ocrx_word' id='word_1_94' title='bbox 1395 1698 1456 1761; x_wconf 90' lang='lat' dir='ltr'>erit</span> <span class='ocrx_word' id='word_1_95' title='bbox 1477 1719 1619 1762; x_wconf 90' lang='lat' dir='ltr'>annuum</span> 
     </span>
     <span class='ocr_line' id='line_1_12' title="bbox 356 1800 1621 1887; baseline -0.001 -20"><span class='ocrx_word' id='word_1_96' title='bbox 356 1812 390 1867; x_wconf 90' lang='lat' dir='ltr'>et</span> <span class='ocrx_word' id='word_1_97' title='bbox 411 1801 655 1866; x_wconf 87' lang='lat' dir='ltr'>ambulatorium</span> <span class='ocrx_word' id='word_1_98' title='bbox 684 1801 767 1865; x_wconf 90' lang='lat' dir='ltr'>inter</span> <span class='ocrx_word' id='word_1_99' title='bbox 789 1822 900 1866; x_wconf 90' lang='lat' dir='ltr'>omnes</span> <span class='ocrx_word' id='word_1_100' title='bbox 923 1800 1122 1886; x_wconf 88' lang='lat' dir='ltr'>professores</span> <span class='ocrx_word' id='word_1_101' title='bbox 1128 1825 1137 1881; x_wconf 91' lang='lat'>;</span> <span class='ocrx_word' id='word_1_102' title='bbox 1161 1809 1257 1887; x_wconf 86' lang='lat' dir='ltr'>atque</span> <span class='ocrx_word' id='word_1_103' title='bbox 1280 1800 1320 1865; x_wconf 92' lang='lat' dir='ltr'>ab</span> <span class='ocrx_word' id='word_1_104' title='bbox 1341 1801 1391 1866; x_wconf 90' lang='lat' dir='ltr'>his</span> <span class='ocrx_word' id='word_1_105' title='bbox 1414 1801 1515 1866; x_wconf 84' lang='lat' dir='ltr'>aerarii</span> <span class='ocrx_word' id='word_1_106' title='bbox 1536 1823 1621 1886; x_wconf 84' lang='lat' dir='ltr'>prae-</span> 
     </span>
     <span class='ocr_line' id='line_1_13' title="bbox 355 1904 1620 1991; baseline 0 -22"><span class='ocrx_word' id='word_1_107' title='bbox 355 1905 449 1972; x_wconf 88' lang='lat' dir='ltr'>fectis</span> <span class='ocrx_word' id='word_1_108' title='bbox 478 1915 512 1971; x_wconf 91' lang='lat' dir='ltr'>et</span> <span class='ocrx_word' id='word_1_109' title='bbox 538 1914 697 1991; x_wconf 74' lang='lat' dir='ltr'>quaestore</span> <span class='ocrx_word' id='word_1_110' title='bbox 722 1907 861 1970; x_wconf 89' lang='lat' dir='ltr'>rationes</span> <span class='ocrx_word' id='word_1_111' title='bbox 883 1905 1043 1969; x_wconf 89' lang='lat' dir='ltr'>redituum</span> <span class='ocrx_word' id='word_1_112' title='bbox 1067 1914 1100 1970; x_wconf 90' lang='lat' dir='ltr'>et</span> <span class='ocrx_word' id='word_1_113' title='bbox 1121 1927 1334 1990; x_wconf 87' lang='lat' dir='ltr'>expensorum</span> <span class='ocrx_word' id='word_1_114' title='bbox 1358 1904 1527 1970; x_wconf 78' lang='lat' dir='ltr'>academia</span> <span class='ocrx_word' id='word_1_115' title='bbox 1549 1928 1620 1969; x_wconf 92' lang='lat' dir='ltr'>om-</span> 
     </span>
     <span class='ocr_line' id='line_1_14' title="bbox 357 2008 1620 2095; baseline 0 -23"><span class='ocrx_word' id='word_1_116' title='bbox 357 2010 445 2073; x_wconf 91' lang='lat' dir='ltr'>nium</span> <span class='ocrx_word' id='word_1_117' title='bbox 468 2010 610 2095; x_wconf 88' lang='lat' dir='ltr'>requiret</span> <span class='ocrx_word' id='word_1_118' title='bbox 640 2008 832 2094; x_wconf 88' lang='lat' dir='ltr'>easdemque</span> <span class='ocrx_word' id='word_1_119' title='bbox 865 2009 1059 2073; x_wconf 87' lang='lat' dir='ltr'>examinabit</span> <span class='ocrx_word' id='word_1_120' title='bbox 1081 2009 1346 2095; x_wconf 87' lang='lat' dir='ltr'>procancellarius</span> <span class='ocrx_word' id='word_1_121' title='bbox 1370 2031 1433 2073; x_wconf 91' lang='lat' dir='ltr'>una</span> <span class='ocrx_word' id='word_1_122' title='bbox 1454 2031 1525 2073; x_wconf 92' lang='lat' dir='ltr'>oum</span> <span class='ocrx_word' id='word_1_123' title='bbox 1548 2030 1620 2073; x_wconf 90' lang='lat' dir='ltr'>rec-</span> 
     </span>
     <span class='ocr_line' id='line_1_15' title="bbox 357 2112 1621 2200; baseline -0.002 -22"><span class='ocrx_word' id='word_1_124' title='bbox 357 2123 427 2178; x_wconf 90' lang='lat' dir='ltr'>tore</span> <span class='ocrx_word' id='word_1_125' title='bbox 455 2123 488 2178; x_wconf 90' lang='lat' dir='ltr'>et</span> <span class='ocrx_word' id='word_1_126' title='bbox 515 2113 643 2179; x_wconf 89' lang='lat' dir='ltr'>selectis</span> <span class='ocrx_word' id='word_1_127' title='bbox 662 2117 757 2200; x_wconf 84' lang='lat' dir='ltr'>juxta</span> <span class='ocrx_word' id='word_1_128' title='bbox 778 2113 946 2178; x_wconf 81' lang='lat' dir='ltr'>facultates</span> <span class='ocrx_word' id='word_1_129' title='bbox 971 2136 1010 2178; x_wconf 85' lang='lat' dir='ltr'>ex</span> <span class='ocrx_word' id='word_1_130' title='bbox 1032 2113 1193 2178; x_wconf 89' lang='lat' dir='ltr'>senatorio</span> <span class='ocrx_word' id='word_1_131' title='bbox 1214 2112 1382 2178; x_wconf 81' lang='lat' dir='ltr'>academias</span> <span class='ocrx_word' id='word_1_132' title='bbox 1406 2112 1517 2177; x_wconf 89' lang='lat' dir='ltr'>ordine</span> <span class='ocrx_word' id='word_1_133' title='bbox 1540 2135 1621 2198; x_wconf 91' lang='lat' dir='ltr'>qua-</span> 
     </span>
     <span class='ocr_line' id='line_1_16' title="bbox 357 2215 1621 2304; baseline 0 -22"><span class='ocrx_word' id='word_1_134' title='bbox 357 2226 431 2282; x_wconf 91' lang='lat' dir='ltr'>tuor</span> <span class='ocrx_word' id='word_1_135' title='bbox 453 2218 542 2297; x_wconf 88' lang='lat' dir='ltr'>viris,</span> <span class='ocrx_word' id='word_1_136' title='bbox 564 2217 662 2304; x_wconf 91' lang='lat' dir='ltr'>idque</span> <span class='ocrx_word' id='word_1_137' title='bbox 684 2220 855 2303; x_wconf 87' lang='lat' dir='ltr'>quotannis</span> <span class='ocrx_word' id='word_1_138' title='bbox 878 2216 918 2282; x_wconf 89' lang='lat' dir='ltr'>ad</span> <span class='ocrx_word' id='word_1_139' title='bbox 941 2217 1058 2282; x_wconf 89' lang='lat' dir='ltr'>festum</span> <span class='ocrx_word' id='word_1_140' title='bbox 1082 2217 1114 2282; x_wconf 85' lang='lat' dir='ltr'>S.</span> <span class='ocrx_word' id='word_1_141' title='bbox 1136 2217 1278 2282; x_wconf 84' lang='lat' dir='ltr'>Thomae.</span> <span class='ocrx_word' id='word_1_142' title='bbox 1324 2216 1359 2281; x_wconf 89' lang='lat' dir='ltr'>Si</span> <span class='ocrx_word' id='word_1_143' title='bbox 1382 2215 1461 2303; x_wconf 89' lang='lat' dir='ltr'>quid</span> <span class='ocrx_word' id='word_1_144' title='bbox 1483 2239 1561 2282; x_wconf 91' lang='lat' dir='ltr'>vero</span> <span class='ocrx_word' id='word_1_145' title='bbox 1576 2216 1621 2282; x_wconf 89' lang='lat' dir='ltr'>de</span> 
     </span>
     <span class='ocr_line' id='line_1_17' title="bbox 358 2321 1623 2407; baseline -0.002 -22"><span class='ocrx_word' id='word_1_146' title='bbox 358 2322 483 2406; x_wconf 85' lang='lat' dir='ltr'>integro</span> <span class='ocrx_word' id='word_1_147' title='bbox 518 2321 746 2402; x_wconf 88' lang='lat' dir='ltr'>aedificandum,</span> <span class='ocrx_word' id='word_1_148' title='bbox 778 2322 812 2386; x_wconf 93' lang='lat' dir='ltr'>id</span> <span class='ocrx_word' id='word_1_149' title='bbox 842 2344 882 2386; x_wconf 86' lang='lat' dir='ltr'>ex</span> <span class='ocrx_word' id='word_1_150' title='bbox 909 2344 1067 2387; x_wconf 89' lang='lat' dir='ltr'>consensu</span> <span class='ocrx_word' id='word_1_151' title='bbox 1095 2321 1274 2386; x_wconf 89' lang='lat' dir='ltr'>cancellarii</span> <span class='ocrx_word' id='word_1_152' title='bbox 1295 2321 1359 2402; x_wconf 89' lang='lat' dir='ltr'>fiet,</span> <span class='ocrx_word' id='word_1_153' title='bbox 1383 2331 1416 2384; x_wconf 89' lang='lat' dir='ltr'>et</span> <span class='ocrx_word' id='word_1_154' title='bbox 1437 2321 1623 2407; x_wconf 89' lang='lat' dir='ltr'>requiratur</span> 
     </span>
     <span class='ocr_line' id='line_1_18' title="bbox 357 2425 1621 2513; baseline -0.001 -24"><span class='ocrx_word' id='word_1_155' title='bbox 357 2426 525 2491; x_wconf 89' lang='lat' dir='ltr'>consilium</span> <span class='ocrx_word' id='word_1_156' title='bbox 547 2426 643 2512; x_wconf 89' lang='lat' dir='ltr'>periti</span> <span class='ocrx_word' id='word_1_157' title='bbox 665 2426 796 2513; x_wconf 87' lang='lat' dir='ltr'>alicujus</span> <span class='ocrx_word' id='word_1_158' title='bbox 820 2426 993 2491; x_wconf 89' lang='lat' dir='ltr'>architecti.</span> <span class='ocrx_word' id='word_1_159' title='bbox 1028 2425 1202 2510; x_wconf 90' lang='lat' dir='ltr'>Postquam</span> <span class='ocrx_word' id='word_1_160' title='bbox 1226 2425 1372 2490; x_wconf 89' lang='lat' dir='ltr'>omnibus</span> <span class='ocrx_word' id='word_1_161' title='bbox 1390 2427 1485 2510; x_wconf 87' lang='lat' dir='ltr'>juxta</span> <span class='ocrx_word' id='word_1_162' title='bbox 1498 2425 1621 2509; x_wconf 86' lang='lat' dir='ltr'>regiam</span> 
     </span>
     <span class='ocr_line' id='line_1_19' title="bbox 358 2526 1621 2617; baseline -0.004 -22"><span class='ocrx_word' id='word_1_163' title='bbox 358 2531 592 2596; x_wconf 89' lang='lat' dir='ltr'>ordinationem</span> <span class='ocrx_word' id='word_1_164' title='bbox 621 2530 662 2595; x_wconf 93' lang='lat' dir='ltr'>de</span> <span class='ocrx_word' id='word_1_165' title='bbox 692 2532 842 2617; x_wconf 85' lang='lat' dir='ltr'>expensis</span> <span class='ocrx_word' id='word_1_166' title='bbox 866 2532 1063 2617; x_wconf 88' lang='lat' dir='ltr'>persolutum</span> <span class='ocrx_word' id='word_1_167' title='bbox 1085 2530 1192 2610; x_wconf 89' lang='lat' dir='ltr'>fuerit,</span> <span class='ocrx_word' id='word_1_168' title='bbox 1214 2531 1241 2593; x_wconf 92' lang='lat' dir='ltr'>si</span> <span class='ocrx_word' id='word_1_169' title='bbox 1264 2529 1342 2614; x_wconf 93' lang='lat' dir='ltr'>quid</span> <span class='ocrx_word' id='word_1_170' title='bbox 1365 2529 1563 2614; x_wconf 88' lang='lat' dir='ltr'>relinquitur,</span> <span class='ocrx_word' id='word_1_171' title='bbox 1584 2526 1621 2590; x_wconf 91' lang='lat' dir='ltr'>id</span> 
     </span>
     <span class='ocr_line' id='line_1_20' title="bbox 359 2632 1620 2721; baseline -0.002 -22"><span class='ocrx_word' id='word_1_172' title='bbox 359 2634 540 2700; x_wconf 89' lang='lat' dir='ltr'>servabitur</span> <span class='ocrx_word' id='word_1_173' title='bbox 566 2635 600 2699; x_wconf 92' lang='lat' dir='ltr'>in</span> <span class='ocrx_word' id='word_1_174' title='bbox 630 2636 749 2715; x_wconf 87' lang='lat' dir='ltr'>serario,</span> <span class='ocrx_word' id='word_1_175' title='bbox 777 2658 836 2700; x_wconf 89' lang='lat' dir='ltr'>nec</span> <span class='ocrx_word' id='word_1_176' title='bbox 858 2635 933 2700; x_wconf 92' lang='lat' dir='ltr'>inde</span> <span class='ocrx_word' id='word_1_177' title='bbox 962 2634 1136 2720; x_wconf 89' lang='lat' dir='ltr'>quidquam</span> <span class='ocrx_word' id='word_1_178' title='bbox 1160 2634 1215 2698; x_wconf 91' lang='lat' dir='ltr'>ulli</span> <span class='ocrx_word' id='word_1_179' title='bbox 1238 2634 1382 2719; x_wconf 84' lang='lat' dir='ltr'>erogabit</span> <span class='ocrx_word' id='word_1_180' title='bbox 1404 2643 1544 2721; x_wconf 83' lang='lat' dir='ltr'>quaestor</span> <span class='ocrx_word' id='word_1_181' title='bbox 1566 2632 1620 2696; x_wconf 89' lang='lat' dir='ltr'>vel</span> 
     </span>
     <span class='ocr_line' id='line_1_21' title="bbox 359 2737 1622 2825; baseline -0.002 -22"><span class='ocrx_word' id='word_1_182' title='bbox 359 2740 559 2825; x_wconf 85' lang='lat' dir='ltr'>inspectores</span> <span class='ocrx_word' id='word_1_183' title='bbox 588 2739 657 2804; x_wconf 88' lang='lat' dir='ltr'>sine</span> <span class='ocrx_word' id='word_1_184' title='bbox 684 2761 842 2804; x_wconf 89' lang='lat' dir='ltr'>consensu</span> <span class='ocrx_word' id='word_1_185' title='bbox 870 2739 1062 2818; x_wconf 83' lang='lat' dir='ltr'>consistorii,</span> <span class='ocrx_word' id='word_1_186' title='bbox 1086 2760 1190 2824; x_wconf 90' lang='lat' dir='ltr'>neque</span> <span class='ocrx_word' id='word_1_187' title='bbox 1212 2738 1273 2802; x_wconf 91' lang='lat' dir='ltr'>hoc</span> <span class='ocrx_word' id='word_1_188' title='bbox 1296 2739 1364 2802; x_wconf 90' lang='lat' dir='ltr'>sine</span> <span class='ocrx_word' id='word_1_189' title='bbox 1388 2737 1622 2824; x_wconf 90' lang='lat' dir='ltr'>approbatione</span> 
     </span>
    </p>
   </div>
   <div class='ocr_carea' id='block_1_3' title="bbox 360 2841 1623 3029">
    <p class='ocr_par' dir='ltr' id='par_1_3' title="bbox 360 2841 1623 3029">
     <span class='ocr_line' id='line_1_22' title="bbox 361 2841 1623 2929; baseline 0.001 -25"><span class='ocrx_word' id='word_1_190' title='bbox 361 2841 548 2907; x_wconf 90' lang='lat' dir='ltr'>cancellarii.</span> <span class='ocrx_word' id='word_1_191' title='bbox 593 2841 640 2907; x_wconf 90' lang='lat' dir='ltr'>Hi</span> <span class='ocrx_word' id='word_1_192' title='bbox 661 2843 859 2929; x_wconf 86' lang='lat' dir='ltr'>inspectores</span> <span class='ocrx_word' id='word_1_193' title='bbox 887 2843 914 2907; x_wconf 90' lang='lat' dir='ltr'>si</span> <span class='ocrx_word' id='word_1_194' title='bbox 943 2842 1020 2928; x_wconf 94' lang='lat' dir='ltr'>quid</span> <span class='ocrx_word' id='word_1_195' title='bbox 1042 2841 1249 2927; x_wconf 83' lang='lat' dir='ltr'>neglexerint,</span> <span class='ocrx_word' id='word_1_196' title='bbox 1271 2843 1494 2907; x_wconf 89' lang='lat' dir='ltr'>consistorium</span> <span class='ocrx_word' id='word_1_197' title='bbox 1518 2843 1623 2927; x_wconf 89' lang='lat' dir='ltr'>majus</span> 
     </span>
     <span class='ocr_line' id='line_1_23' title="bbox 360 2946 1321 3029; baseline 0.002 -20"><span class='ocrx_word' id='word_1_198' title='bbox 360 2953 553 3029; x_wconf 90' lang='lat' dir='ltr'>potestatem</span> <span class='ocrx_word' id='word_1_199' title='bbox 576 2947 706 3013; x_wconf 90' lang='lat' dir='ltr'>habebit</span> <span class='ocrx_word' id='word_1_200' title='bbox 729 2969 783 3012; x_wconf 90' lang='lat' dir='ltr'>eos</span> <span class='ocrx_word' id='word_1_201' title='bbox 807 2946 975 3011; x_wconf 88' lang='lat' dir='ltr'>accusandi</span> <span class='ocrx_word' id='word_1_202' title='bbox 999 2969 1104 3011; x_wconf 91' lang='lat' dir='ltr'>coram</span> <span class='ocrx_word' id='word_1_203' title='bbox 1126 2946 1321 3011; x_wconf 88' lang='lat' dir='ltr'>cancellario.</span> 
     </span>
    </p>
   </div>
   <div class='ocr_carea' id='block_1_4' title="bbox 447 3085 926 3152">
    <p class='ocr_par' dir='ltr' id='par_1_4' title="bbox 447 3085 926 3152">
     <span class='ocr_line' id='line_1_24' title="bbox 447 3085 926 3152; baseline -0.002 -3"><span class='ocrx_word' id='word_1_204' title='bbox 447 3087 506 3150; x_wconf 86' lang='lat' dir='ltr'>2:o.</span> <span class='ocrx_word' id='word_1_205' title='bbox 550 3085 660 3151; x_wconf 85' lang='lat' dir='ltr'>Fisci</span> <span class='ocrx_word' id='word_1_206' title='bbox 682 3086 926 3152; x_wconf 87' lang='lat' dir='ltr'>facultatum.</span> 
     </span>
    </p>
   </div>
   <div class='ocr_carea' id='block_1_5' title="bbox 362 3205 1623 3605">
    <p class='ocr_par' dir='ltr' id='par_1_5' title="bbox 362 3205 1623 3375">
     <span class='ocr_line' id='line_1_25' title="bbox 448 3205 1623 3296; baseline -0.004 -23"><span class='ocrx_word' id='word_1_207' title='bbox 448 3211 476 3273; x_wconf 93' lang='grc'>1.</span> <span class='ocrx_word' id='word_1_208' title='bbox 520 3207 608 3273; x_wconf 82' lang='lat' dir='ltr'>Fisci</span> <span class='ocrx_word' id='word_1_209' title='bbox 630 3211 784 3296; x_wconf 86' lang='lat' dir='ltr'>cujusque</span> <span class='ocrx_word' id='word_1_210' title='bbox 807 3208 966 3274; x_wconf 87' lang='lat' dir='ltr'>facultatis</span> <span class='ocrx_word' id='word_1_211' title='bbox 990 3229 1097 3272; x_wconf 91' lang='lat' dir='ltr'>curam</span> <span class='ocrx_word' id='word_1_212' title='bbox 1121 3215 1194 3292; x_wconf 86' lang='lat' dir='ltr'>agat</span> <span class='ocrx_word' id='word_1_213' title='bbox 1217 3205 1356 3271; x_wconf 88' lang='lat' dir='ltr'>decanus</span> <span class='ocrx_word' id='word_1_214' title='bbox 1373 3207 1453 3271; x_wconf 91' lang='lat' dir='ltr'>etin</span> <span class='ocrx_word' id='word_1_215' title='bbox 1470 3207 1623 3271; x_wconf 89' lang='lat' dir='ltr'>facultate</span> 
     </span>
     <span class='ocr_line' id='line_1_26' title="bbox 362 3333 478 3375; baseline 0.009 -1"><span class='ocrx_word' id='word_1_216' title='bbox 362 3333 478 3375; x_wconf 88' lang='lat' dir='ltr'>semor.</span> 
     </span>
    </p>

    <p class='ocr_par' dir='ltr' id='par_1_6' title="bbox 365 3414 1623 3605">
     <span class='ocr_line' id='line_1_27' title="bbox 447 3414 1623 3502; baseline -0.002 -22"><span class='ocrx_word' id='word_1_217' title='bbox 447 3418 475 3480; x_wconf 86' lang='lat'>2.</span> <span class='ocrx_word' id='word_1_218' title='bbox 520 3414 572 3478; x_wconf 89' lang='lat' dir='ltr'>Ex</span> <span class='ocrx_word' id='word_1_219' title='bbox 600 3415 659 3480; x_wconf 87' lang='lat' dir='ltr'>hac</span> <span class='ocrx_word' id='word_1_220' title='bbox 690 3416 824 3502; x_wconf 88' lang='lat' dir='ltr'>pecunia</span> <span class='ocrx_word' id='word_1_221' title='bbox 846 3423 970 3501; x_wconf 87' lang='lat' dir='ltr'>partem</span> <span class='ocrx_word' id='word_1_222' title='bbox 993 3415 1034 3480; x_wconf 90' lang='lat' dir='ltr'>ad</span> <span class='ocrx_word' id='word_1_223' title='bbox 1056 3415 1217 3480; x_wconf 86' lang='lat' dir='ltr'>facultatis</span> <span class='ocrx_word' id='word_1_224' title='bbox 1240 3438 1342 3494; x_wconf 91' lang='lat' dir='ltr'>usum,</span> <span class='ocrx_word' id='word_1_225' title='bbox 1364 3415 1519 3500; x_wconf 91' lang='lat' dir='ltr'>reliquum</span> <span class='ocrx_word' id='word_1_226' title='bbox 1544 3437 1623 3478; x_wconf 90' lang='lat' dir='ltr'>vero</span> 
     </span>
     <span class='ocr_line' id='line_1_28' title="bbox 365 3517 1400 3605; baseline 0.001 -24"><span class='ocrx_word' id='word_1_227' title='bbox 365 3517 396 3582; x_wconf 88' lang='lat' dir='ltr'>in</span> <span class='ocrx_word' id='word_1_228' title='bbox 421 3541 497 3583; x_wconf 90' lang='lat' dir='ltr'>usus</span> <span class='ocrx_word' id='word_1_229' title='bbox 521 3519 665 3605; x_wconf 83' lang='lat' dir='ltr'>privatos</span> <span class='ocrx_word' id='word_1_230' title='bbox 688 3519 883 3585; x_wconf 88' lang='lat' dir='ltr'>distribuent</span> <span class='ocrx_word' id='word_1_231' title='bbox 904 3519 1034 3605; x_wconf 84' lang='lat' dir='ltr'>collegis</span> <span class='ocrx_word' id='word_1_232' title='bbox 1059 3519 1221 3605; x_wconf 77' lang='lat' dir='ltr'>equaliter</span> <span class='ocrx_word' id='word_1_233' title='bbox 1243 3518 1400 3583; x_wconf 87' lang='lat' dir='ltr'>omnibus.</span> 
     </span>
    </p>
   </div>
   <div class='ocr_carea' id='block_1_6' title="bbox 449 3658 1049 3743">
    <p class='ocr_par' dir='ltr' id='par_1_7' title="bbox 449 3658 1049 3743">
     <span class='ocr_line' id='line_1_29' title="bbox 449 3658 1049 3743; baseline 0.005 -22"><span class='ocrx_word' id='word_1_234' title='bbox 449 3661 509 3722; x_wconf 77' lang='lat'>320.</span> <span class='ocrx_word' id='word_1_235' title='bbox 555 3658 817 3734; x_wconf 83' lang='lat' dir='ltr'>Alumnorum</span> <span class='ocrx_word' id='word_1_236' title='bbox 839 3659 1049 3743; x_wconf 85' lang='lat' dir='ltr'>regiorum.</span> 
     </span>
    </p>
   </div>
   <div class='ocr_carea' id='block_1_7' title="bbox 364 3777 1627 4491">
    <p class='ocr_par' dir='ltr' id='par_1_8' title="bbox 364 3777 1624 4076">
     <span class='ocr_line' id='line_1_30' title="bbox 452 3777 1623 3865; baseline -0.001 -23"><span class='ocrx_word' id='word_1_237' title='bbox 452 3780 478 3842; x_wconf 91' lang='lat'>1.</span> <span class='ocrx_word' id='word_1_238' title='bbox 524 3779 563 3842; x_wconf 87' lang='lat' dir='ltr'>ln</span> <span class='ocrx_word' id='word_1_239' title='bbox 587 3780 731 3844; x_wconf 86' lang='lat' dir='ltr'>alumnos</span> <span class='ocrx_word' id='word_1_240' title='bbox 753 3781 858 3865; x_wconf 84' lang='lat' dir='ltr'>regios</span> <span class='ocrx_word' id='word_1_241' title='bbox 882 3780 978 3844; x_wconf 91' lang='lat' dir='ltr'>annui</span> <span class='ocrx_word' id='word_1_242' title='bbox 1001 3781 1197 3865; x_wconf 88' lang='lat' dir='ltr'>inspectores</span> <span class='ocrx_word' id='word_1_243' title='bbox 1220 3779 1463 3858; x_wconf 89' lang='lat' dir='ltr'>constituentur,</span> <span class='ocrx_word' id='word_1_244' title='bbox 1483 3801 1523 3842; x_wconf 85' lang='lat' dir='ltr'>ex</span> <span class='ocrx_word' id='word_1_245' title='bbox 1540 3777 1623 3842; x_wconf 91' lang='lat' dir='ltr'>ordi·</span> 
     </span>
     <span class='ocr_line' id='line_1_31' title="bbox 364 3882 1624 3970; baseline -0.002 -22"><span class='ocrx_word' id='word_1_246' title='bbox 364 3885 461 3950; x_wconf 87' lang='lat' dir='ltr'>uariis</span> <span class='ocrx_word' id='word_1_247' title='bbox 491 3883 650 3970; x_wconf 86' lang='lat' dir='ltr'>theologis</span> <span class='ocrx_word' id='word_1_248' title='bbox 679 3907 772 3968; x_wconf 90' lang='lat' dir='ltr'>unus,</span> <span class='ocrx_word' id='word_1_249' title='bbox 801 3907 840 3948; x_wconf 87' lang='lat' dir='ltr'>ex</span> <span class='ocrx_word' id='word_1_250' title='bbox 858 3882 1096 3970; x_wconf 84' lang='lat' dir='ltr'>jurisconsultis</span> <span class='ocrx_word' id='word_1_251' title='bbox 1120 3891 1153 3946; x_wconf 92' lang='lat' dir='ltr'>et</span> <span class='ocrx_word' id='word_1_252' title='bbox 1174 3882 1307 3948; x_wconf 91' lang='lat' dir='ltr'>medicis</span> <span class='ocrx_word' id='word_1_253' title='bbox 1331 3904 1423 3961; x_wconf 89' lang='lat' dir='ltr'>unus,</span> <span class='ocrx_word' id='word_1_254' title='bbox 1445 3883 1560 3946; x_wconf 88' lang='lat' dir='ltr'>tertius</span> <span class='ocrx_word' id='word_1_255' title='bbox 1585 3905 1624 3946; x_wconf 83' lang='lat' dir='ltr'>ex</span> 
     </span>
     <span class='ocr_line' id='line_1_32' title="bbox 365 3987 575 4076; baseline -0.005 -22"><span class='ocrx_word' id='word_1_256' title='bbox 365 3987 575 4076; x_wconf 89' lang='lat' dir='ltr'>philosophis.</span> 
     </span>
    </p>

    <p class='ocr_par' dir='ltr' id='par_1_9' title="bbox 365 4089 1627 4491">
     <span class='ocr_line' id='line_1_33' title="bbox 452 4089 1626 4176; baseline -0.004 -19"><span class='ocrx_word' id='word_1_257' title='bbox 452 4097 480 4159; x_wconf 84' lang='lat'>2.</span> <span class='ocrx_word' id='word_1_258' title='bbox 524 4092 570 4157; x_wconf 90' lang='lat' dir='ltr'>Hi</span> <span class='ocrx_word' id='word_1_259' title='bbox 602 4094 629 4156; x_wconf 94' lang='grc'>1.</span> <span class='ocrx_word' id='word_1_260' title='bbox 654 4091 878 4156; x_wconf 86' lang='lat' dir='ltr'>exercitiorum</span> <span class='ocrx_word' id='word_1_261' title='bbox 901 4090 1100 4175; x_wconf 91' lang='lat' dir='ltr'>publicorum</span> <span class='ocrx_word' id='word_1_262' title='bbox 1123 4098 1156 4155; x_wconf 90' lang='lat' dir='ltr'>et</span> <span class='ocrx_word' id='word_1_263' title='bbox 1178 4091 1375 4176; x_wconf 86' lang='lat' dir='ltr'>privatorum</span> <span class='ocrx_word' id='word_1_264' title='bbox 1398 4089 1555 4153; x_wconf 87' lang='lat' dir='ltr'>rationem</span> <span class='ocrx_word' id='word_1_265' title='bbox 1578 4097 1626 4152; x_wconf 88' lang='lat' dir='ltr'>te-</span> 
     </span>
     <span class='ocr_line' id='line_1_34' title="bbox 366 4191 1625 4282; baseline -0.006 -20"><span class='ocrx_word' id='word_1_266' title='bbox 366 4197 488 4262; x_wconf 91' lang='lat' dir='ltr'>nebunt</span> <span class='ocrx_word' id='word_1_267' title='bbox 514 4194 753 4282; x_wconf 88' lang='lat' dir='ltr'>attendentque,</span> <span class='ocrx_word' id='word_1_268' title='bbox 785 4194 900 4281; x_wconf 91' lang='lat' dir='ltr'>quibus</span> <span class='ocrx_word' id='word_1_269' title='bbox 924 4194 1083 4259; x_wconf 89' lang='lat' dir='ltr'>exercitiis</span> <span class='ocrx_word' id='word_1_270' title='bbox 1107 4202 1222 4258; x_wconf 91' lang='lat' dir='ltr'>vacent</span> <span class='ocrx_word' id='word_1_271' title='bbox 1244 4192 1373 4258; x_wconf 90' lang='lat' dir='ltr'>alumni.</span> <span class='ocrx_word' id='word_1_272' title='bbox 1418 4196 1446 4256; x_wconf 85' lang='lat'>2.</span> <span class='ocrx_word' id='word_1_273' title='bbox 1471 4191 1625 4278; x_wconf 85' lang='lat' dir='ltr'>Disputa-</span> 
     </span>
     <span class='ocr_line' id='line_1_35' title="bbox 365 4295 1627 4386; baseline -0.006 -20"><span class='ocrx_word' id='word_1_274' title='bbox 365 4300 506 4366; x_wconf 88' lang='lat' dir='ltr'>tionibus</span> <span class='ocrx_word' id='word_1_275' title='bbox 540 4322 650 4366; x_wconf 91' lang='lat' dir='ltr'>eorum</span> <span class='ocrx_word' id='word_1_276' title='bbox 684 4301 817 4386; x_wconf 91' lang='lat' dir='ltr'>privatis</span> <span class='ocrx_word' id='word_1_277' title='bbox 848 4298 1067 4385; x_wconf 79' lang='lat' dir='ltr'>prasidebunt</span> <span class='ocrx_word' id='word_1_278' title='bbox 1100 4319 1216 4384; x_wconf 88' lang='lat' dir='ltr'>easque</span> <span class='ocrx_word' id='word_1_279' title='bbox 1245 4296 1503 4377; x_wconf 89' lang='lat' dir='ltr'>moderabuntur,</span> <span class='ocrx_word' id='word_1_280' title='bbox 1535 4295 1627 4361; x_wconf 89' lang='lat' dir='ltr'>theo-</span> 
     </span>
     <span class='ocr_line' id='line_1_36' title="bbox 365 4399 1626 4491; baseline -0.009 -18"><span class='ocrx_word' id='word_1_281' title='bbox 365 4410 456 4491; x_wconf 85' lang='lat' dir='ltr'>logus</span> <span class='ocrx_word' id='word_1_282' title='bbox 478 4405 684 4490; x_wconf 84' lang='lat' dir='ltr'>theologicas,</span> <span class='ocrx_word' id='word_1_283' title='bbox 701 4403 949 4491; x_wconf 88' lang='lat' dir='ltr'>jurisconsultus</span> <span class='ocrx_word' id='word_1_284' title='bbox 966 4401 1130 4489; x_wconf 89' lang='lat' dir='ltr'>juridicas‚</span> <span class='ocrx_word' id='word_1_285' title='bbox 1155 4401 1297 4467; x_wconf 89' lang='lat' dir='ltr'>medicus</span> <span class='ocrx_word' id='word_1_286' title='bbox 1320 4400 1469 4480; x_wconf 88' lang='lat' dir='ltr'>medicas,</span> <span class='ocrx_word' id='word_1_287' title='bbox 1484 4399 1626 4486; x_wconf 93' lang='lat' dir='ltr'>philoso-</span> 
     </span>
    </p>
   </div>
   <div class='ocr_carea' id='block_1_8' title="bbox 367 4503 1736 4598">
    <p class='ocr_par' dir='ltr' id='par_1_10' title="bbox 367 4503 1736 4598">
     <span class='ocr_line' id='line_1_37' title="bbox 367 4503 1736 4598; baseline -0.007 -25"><span class='ocrx_word' id='word_1_288' title='bbox 367 4509 450 4597; x_wconf 90' lang='lat' dir='ltr'>phus</span> <span class='ocrx_word' id='word_1_289' title='bbox 484 4508 734 4594; x_wconf 90' lang='lat' dir='ltr'>philosophicas.</span> <span class='ocrx_word' id='word_1_290' title='bbox 780 4506 1003 4593; x_wconf 81' lang='lat' dir='ltr'>Disputabant</span> <span class='ocrx_word' id='word_1_291' title='bbox 1035 4515 1140 4570; x_wconf 91' lang='lat' dir='ltr'>autem</span> <span class='ocrx_word' id='word_1_292' title='bbox 1174 4507 1273 4570; x_wconf 89' lang='lat' dir='ltr'>semel</span> <span class='ocrx_word' id='word_1_293' title='bbox 1299 4507 1332 4570; x_wconf 91' lang='lat' dir='ltr'>in</span> <span class='ocrx_word' id='word_1_294' title='bbox 1362 4503 1564 4570; x_wconf 89' lang='lat' dir='ltr'>hebdomade</span> <span class='ocrx_word' id='word_1_295' title='bbox 1593 4503 1625 4566; x_wconf 91' lang='lat' dir='ltr'>in</span> <span class='ocrx_word' id='word_1_296' title='bbox 1728 4586 1736 4598; x_wconf 95' lang='lat'>.</span> 
     </span>
    </p>
   </div>
   <div class='ocr_carea' id='block_1_9' title="bbox 368 4607 1627 4806">
    <p class='ocr_par' dir='ltr' id='par_1_11' title="bbox 368 4607 1627 4806">
     <span class='ocr_line' id='line_1_38' title="bbox 368 4607 1627 4700; baseline -0.006 -22"><span class='ocrx_word' id='word_1_297' title='bbox 368 4613 580 4700; x_wconf 87' lang='lat' dir='ltr'>philosophia,</span> <span class='ocrx_word' id='word_1_298' title='bbox 607 4613 765 4678; x_wconf 89' lang='lat' dir='ltr'>medicina</span> <span class='ocrx_word' id='word_1_299' title='bbox 794 4613 846 4678; x_wconf 91' lang='lat' dir='ltr'>vel</span> <span class='ocrx_word' id='word_1_300' title='bbox 868 4614 941 4699; x_wconf 89' lang='lat' dir='ltr'>jure</span> <span class='ocrx_word' id='word_1_301' title='bbox 969 4619 1002 4674; x_wconf 90' lang='lat' dir='ltr'>et</span> <span class='ocrx_word' id='word_1_302' title='bbox 1030 4611 1192 4695; x_wconf 85' lang='lat' dir='ltr'>theologia</span> <span class='ocrx_word' id='word_1_303' title='bbox 1214 4611 1392 4697; x_wconf 81' lang='lat' dir='ltr'>pervices,</span> <span class='ocrx_word' id='word_1_304' title='bbox 1415 4610 1476 4674; x_wconf 90' lang='lat' dir='ltr'>nisi</span> <span class='ocrx_word' id='word_1_305' title='bbox 1500 4607 1627 4696; x_wconf 88' lang='lat' dir='ltr'>publica</span> 
     </span>
     <span class='ocr_line' id='line_1_39' title="bbox 368 4713 1623 4806; baseline -0.007 -23"><span class='ocrx_word' id='word_1_306' title='bbox 368 4717 548 4806; x_wconf 90' lang='lat' dir='ltr'>disputatio</span> <span class='ocrx_word' id='word_1_307' title='bbox 581 4718 760 4803; x_wconf 87' lang='lat' dir='ltr'>theologica</span> <span class='ocrx_word' id='word_1_308' title='bbox 793 4726 849 4781; x_wconf 89' lang='lat' dir='ltr'>aut</span> <span class='ocrx_word' id='word_1_309' title='bbox 874 4716 937 4780; x_wconf 88' lang='lat' dir='ltr'>alia</span> <span class='ocrx_word' id='word_1_310' title='bbox 963 4713 1103 4778; x_wconf 89' lang='lat' dir='ltr'>solennis</span> <span class='ocrx_word' id='word_1_311' title='bbox 1131 4714 1294 4801; x_wconf 91' lang='lat' dir='ltr'>impediat.</span> <span class='ocrx_word' id='word_1_312' title='bbox 1337 4715 1421 4791; x_wconf 74' lang='lat' dir='ltr'>Quae</span> <span class='ocrx_word' id='word_1_313' title='bbox 1450 4723 1554 4778; x_wconf 89' lang='lat' dir='ltr'>autem</span> <span class='ocrx_word' id='word_1_314' title='bbox 1584 4733 1623 4775; x_wconf 86' lang='lat' dir='ltr'>ex</span> 
     </span>
    </p>
   </div>
   <div class='ocr_carea' id='block_1_10' title="bbox 0 0 1782 5616">
    <p class='ocr_par' dir='ltr' id='par_1_12' title="bbox 0 0 1782 5616">
     <span class='ocr_line' id='line_1_40' title="bbox 0 0 1782 5616; baseline 0 0"><span class='ocrx_word' id='word_1_315' title='bbox 0 0 1782 5616; x_wconf 95' lang='lat' dir='ltr'> </span> 
     </span>
    </p>
   </div>
  </div>
 </body>
</html>
