3564 5624
539 497 618 556 1655
643 499 688 556 trs
713 497 950 558 lonetitutiouer.
1298 495 1336 558 21

118 691 277 748 rectorem
300 684 449 770 theologi,
472 681 587 748 deiude
606 682 838 769 jurisconsulti,
860 683 919 748 hos
941 692 1115 770 sequentur
1130 683 1253 763 medici,
1268 693 1383 772 postea

118 787 304 875 philosophi
328 789 438 854 sedem
460 787 624 853 habebunt
646 810 704 873 pro
720 788 843 852 ratione
859 789 1023 874 temporis,
1040 811 1104 875 quo
1119 789 1255 875 quisque
1272 811 1380 854 eorum

118 890 262 957 adscitus
286 901 345 958 est.
389 894 497 972 Quam
519 891 640 957 ordinis
663 891 819 957 rationem
834 915 897 956 non
916 893 1019 957 solum
1034 893 1118 958 inter
1133 916 1168 958 se
1186 893 1381 980 philosophi,

118 993 177 1060 sed
200 1005 387 1062 caeterarum
410 1017 538 1083 qnoque
560 995 748 1060 facultatum
771 994 919 1061 doctores
942 997 1125 1062 servabunt.
1164 997 1381 1062 Bibliotheca-

118 1103 184 1164 rius
218 1109 335 1185 autem,
368 1102 396 1165 si
421 1100 586 1188 professor
614 1108 664 1164 est
691 1099 743 1164 vel
766 1109 861 1164 antea
882 1099 989 1180 fuerit,
1010 1101 1125 1183 locum,
1148 1103 1203 1188 qui
1227 1101 1271 1165 illi
1294 1102 1378 1166 inter

120 1203 320 1290 professores
344 1205 377 1269 in
399 1225 588 1291 quacunque
611 1203 763 1268 facultate
787 1204 912 1290 obtigit,
935 1205 1086 1270 servabit.
1131 1205 1284 1284 Quaestor
1306 1226 1378 1269 aca-

118 1307 231 1372 demiae
261 1307 480 1373 immediatum
502 1316 578 1394 post
599 1305 800 1394 professores
822 1307 925 1372 locum
950 1330 1077 1396 semper
1098 1309 1237 1374 habebit.
1282 1307 1380 1387 Quod

119 1409 146 1474 si
170 1412 244 1496 quis
267 1412 469 1498 superiorum
490 1412 676 1476 facultatum
694 1411 807 1476 doctor
821 1410 863 1475 ad
877 1412 1111 1498 professionem
1126 1411 1380 1500 philosophicam

118 1514 283 1581 adhibitus
307 1515 413 1594 fuerit,
446 1517 474 1581 is
496 1524 604 1580 tamen
627 1517 711 1582 inter
732 1516 943 1603 philosophos
965 1516 1070 1582 locum
1093 1517 1249 1592 ultimum,
1272 1525 1309 1580 ut
1330 1538 1381 1581 ce·

119 1620 197 1684 teris
226 1620 463 1706 professoribus
491 1628 689 1704 consuetum,
712 1621 803 1685 initio
827 1620 992 1687 obtinebit.
1022 1621 1060 1684 ln
1084 1642 1273 1706 quacunque
1295 1621 1379 1685 enim

118 1723 280 1803 facultate,
309 1726 502 1810 utquisque
525 1732 680 1810 tempore,
704 1725 750 1789 sic
772 1724 842 1788 loco
866 1724 928 1789 erit
949 1725 1117 1810 posterior,
1139 1725 1201 1790 nisi
1223 1725 1255 1788 iu
1280 1724 1381 1789 hono·

118 1829 207 1892 rifioa
235 1829 401 1894 functione
429 1838 503 1894 ante
525 1829 644 1893 vixerit
650 1853 659 1909 ;
682 1829 799 1894 talibus
823 1851 900 1893 vero
923 1830 1028 1894 locum
1051 1851 1110 1916 pro
1132 1829 1286 1915 qualitate
1309 1851 1381 1915 per-

118 1954 206 1996 sonae
239 1933 374 1998 facultas
407 1955 480 1998 cum
508 1933 669 1997 ordinario
698 1942 812 1998 senatu
838 1933 1023 2020 assignabit.
1069 1933 1114 1997 Et
1136 1957 1316 2020 quanquam
1340 1956 1379 1998 ex

117 2045 249 2122 recepta
270 2035 501 2102 consuetudine
521 2035 771 2102 academicarum
793 2037 979 2102 facultatum
1002 2037 1151 2102 doctores
1175 2037 1241 2102 sint
1254 2039 1378 2125 priores

117 2141 289 2226 magistris,
315 2141 404 2228 prius
435 2150 554 2223 tarnem
581 2165 674 2224 quam
698 2141 845 2206 doctores
869 2142 997 2228 publico
1020 2141 1156 2208 docendi
1178 2144 1301 2208 muneri
1324 2143 1381 2208 ad-

118 2252 317 2324 moveantur,
339 2245 534 2331 posteriores
557 2254 634 2310 sunt
656 2247 801 2312 omnibus
825 2245 1070 2331 professoribus.

206 2350 239 2412 A
260 2347 376 2413 dextro
400 2371 476 2415 vero
500 2349 658 2414 cathedrae
680 2350 778 2414 latere
801 2348 961 2414 sedebunt
976 2351 1063 2435 regni
1081 2359 1245 2416 senatores
1261 2351 1379 2437 aliique

119 2453 180 2518 viri
203 2452 356 2528 illustres,
380 2453 408 2518 si
430 2453 514 2518 forte
536 2453 706 2530 adfuerint,
730 2463 805 2540 post
830 2454 889 2518 hos
912 2453 1050 2518 studiosi
1073 2455 1231 2540 equestris
1255 2455 1376 2520 ordinis

117 2557 230 2643 prima
252 2565 286 2621 et
308 2557 456 2622 secundae
479 2559 599 2624 classis,
632 2557 673 2622 In
694 2558 891 2644 nuptialibus
914 2559 1048 2645 aliisque
1070 2559 1207 2645 publicis
1231 2582 1380 2646 congres-

117 2661 220 2741 sibus,
246 2661 302 2747 qui
330 2669 407 2727 sunt
428 2661 618 2726 academicis
641 2671 674 2727 et
695 2663 824 2728 urbanis
847 2662 972 2727 civibus
994 2684 1188 2743 communes,
1209 2671 1286 2749 post
1307 2686 1381 2750 pro·

117 2765 260 2830 sessores
284 2773 317 2830 et
339 2774 531 2852 quaestorem
553 2765 702 2832 incedent
724 2766 847 2831 nobiles
870 2767 973 2831 tertiae
996 2767 1117 2850 classis,
1132 2766 1182 2831 his
1197 2768 1377 2853 proximum

116 2869 226 2934 locum
259 2870 416 2935 tenebunt
442 2879 562 2957 praetor
588 2871 669 2936 arcis
694 2879 727 2935 et
746 2871 835 2935 urbis
859 2872 1017 2952 consules,
1039 2871 1113 2937 inde
1136 2870 1305 2936 academia
1328 2894 1374 2936 se-

117 2974 289 3054 cretarius,
330 2975 438 3050 ceteri,
479 2983 591 3060 utpote
625 2975 885 3040 bibliothecarius
919 2977 947 3040 si
977 2976 1143 3062 professor
1175 2999 1239 3041 nou
1272 2976 1378 3060 fuerit,

116 3087 225 3142 rector
257 3078 383 3158 schola,
416 3078 602 3143 facultatum
635 3078 786 3166 adjuncti,
821 3079 990 3167 adjunctus
1025 3080 1173 3166 pastoris,
1204 3089 1380 3162 conrector,

117 3205 313 3247 oeconomus
346 3191 379 3248 et
406 3183 582 3248 sacellarius
611 3206 670 3270 pro
699 3185 822 3249 ratione
849 3183 977 3270 gratim,
1006 3185 1108 3249 atatis
1135 3207 1171 3248 ac
1193 3185 1379 3250 meritorum

117 3287 190 3350 loco
218 3286 468 3352 honorabuntur.
514 3287 587 3352 Hos
610 3296 785 3373 sequentur
807 3297 937 3353 senatus
963 3290 1111 3369 urbanae,
1133 3288 1286 3374 magistri,
1311 3297 1380 3354 stu-

117 3389 203 3454 diosi
228 3398 260 3455 et
281 3392 463 3478 promiscua
485 3393 603 3457 civium
626 3392 808 3472 multitudo,
830 3393 876 3456 ita
897 3401 1004 3457 tamen
1028 3402 1063 3457 ut
1078 3393 1317 3458 honoratiorum
1336 3393 1379 3458 ci-

120 3493 213 3558 vium
236 3493 391 3559 habeatur
412 3496 503 3560 ratio.

638 3805 742 3887 Cap.
776 3806 859 3871 XI.

379 3966 429 4030 De
451 3970 608 4049 questore
630 3965 762 4050 ejusque
784 3964 933 4028 electione
955 3969 986 4028 et
1007 3963 1128 4048 officie.

211 4141 238 4200 l.
283 4139 335 4202 Ad
364 4138 533 4225 quaestoria
562 4135 731 4202 academiae
760 4135 900 4200 officium
923 4136 1080 4222 eligentur
1101 4156 1120 4197 a
1140 4135 1253 4220 majori
1276 4135 1380 4199 consi-

116 4241 222 4305 storio
245 4239 309 4306 duo
333 4242 385 4308 vel
408 4250 473 4307 tres
495 4241 640 4307 homines
663 4239 727 4320 fidi,
749 4240 950 4326 negotiorum
972 4240 1004 4303 in
1021 4239 1125 4303 officio
1141 4237 1379 4304 tractandorum

117 4345 227 4430 periti,
254 4345 361 4431 legum
389 4345 589 4412 Sueticarum
616 4367 680 4409 non
701 4344 812 4430 ignari,
835 4345 889 4431 qui
913 4353 1031 4408 statum
1055 4352 1087 4407 et
1109 4342 1245 4406 salutem
1267 4341 1379 4407 acade-

118 4449 193 4513 miae
227 4459 335 4515 amant
368 4461 400 4515 et
428 4451 517 4516 illum
545 4451 626 4516 bene
655 4457 861 4535 perspectum
890 4449 1017 4514 habent.
1062 4445 1108 4510 Hi
1131 4444 1192 4510 8:ae
1215 4446 1283 4510 Rae
1305 4445 1380 4510 Mai

119 4574 179 4638 per
202 4552 424 4620 cancellarium
446 4555 734 4642 presentabnntur,
756 4561 793 4616 ut
816 4577 856 4618 ex
876 4553 915 4617 iis
939 4573 1021 4615 unus
1043 4550 1169 4614 illorum
1184 4549 1226 4614 ad
1240 4549 1379 4615 officium

74 4669 77 4678 '
118 4656 301 4722 confirmari
328 4660 441 4748 possit,
472 4659 533 4732 hoe
563 4658 987 4745 tamenjuxtaobservato,
1011 4653 1247 4748 etquicunque
1272 4675 1379 4718 eorum
