3564 5624
447 287 457 324 l

443 569 483 632 18
817 572 898 632 1665
923 571 969 630 irs
994 571 1231 632 lonstitutionor.

395 755 554 821 tationum
582 757 607 840 (:
630 755 692 821 nisi
721 778 775 821 eas
798 754 917 820 habere
938 755 1002 840 ipsi
1025 755 1139 820 malint
1147 760 1166 836 :l
1188 754 1276 821 aliud
1299 754 1473 840 diligentiae
1496 755 1661 841 specimen

394 855 492 924 ¹edere
514 858 634 939 licebit,
656 858 787 924 modum
808 857 946 924 docendi
961 858 1246 923 constitutionibus
1262 859 1485 946 praescriptum
1501 859 1662 924 servabit:

395 962 546 1027 omnibus
580 962 704 1027 actibus
735 961 872 1049 publicis
905 970 938 1026 et
966 960 1249 1048 disputationibus,
1279 983 1349 1049 quae
1372 961 1403 1026 in
1427 983 1486 1026 sua
1506 961 1663 1027 facultate

394 1066 563 1146 habentur,
585 1065 764 1152 praesertim
785 1063 992 1151 gradualibus
1015 1064 1171 1131 intererit.

482 1173 512 1234 2.
556 1168 591 1234 Si
619 1191 714 1255 quem
741 1166 894 1233 valetudo
923 1176 979 1233 aut
1004 1169 1055 1232 vis
1085 1170 1187 1254 major
1214 1177 1270 1232 aut
1297 1168 1402 1234 luctus
1426 1176 1482 1234 aut
1502 1167 1537 1232 id
1556 1190 1661 1254 genus

396 1273 458 1339 alia
484 1273 594 1359 gravis
623 1293 720 1336 causa
741 1270 933 1357 impedierit,
955 1293 1083 1336 causam
1105 1271 1296 1336 intermissae
1318 1272 1464 1337 lectionis
1487 1279 1584 1358 atque
1604 1271 1663 1336 ab·

396 1376 506 1441 sentiae
534 1399 554 1441 a
580 1374 742 1462 praedictis
770 1374 893 1440 actibus
925 1373 1062 1461 publicis
1085 1396 1144 1461 per
1165 1373 1349 1440 schedulam
1372 1375 1442 1441 sive
1464 1397 1569 1440 coram
1592 1397 1664 1440 rec-
1775 1431 1776 1436 ,

397 1480 460 1545 tori
483 1478 682 1565 significabit.
722 1476 886 1542 Exercitia
907 1478 1039 1564 insuper
1060 1478 1187 1565 privata
1214 1478 1349 1565 quisque
1371 1479 1538 1566 professor
1553 1480 1584 1543 in
1601 1500 1666 1542 sua

396 1583 547 1649 facultate
579 1581 717 1646 fideliter
749 1589 845 1667 atque
879 1591 1060 1666 opportune
1091 1581 1248 1662 instituet,
1280 1580 1377 1668 idque
1405 1602 1464 1668 pro
1495 1580 1665 1661 studiosis,

396 1709 477 1774 quos
499 1694 627 1752 constat
649 1707 725 1751 vere
750 1706 907 1771 pauperes
930 1706 1012 1765 esse,
1033 1685 1141 1771 gratis.

484 1794 512 1856 3.
557 1789 596 1854 ln
620 1788 838 1853 studiosorum
861 1788 1003 1852 omnium
1026 1810 1064 1852 ac
1085 1786 1283 1872 singulorum
1306 1786 1406 1854 vitam
1426 1809 1595 1874 moresque
1610 1790 1665 1854 in-

396 1892 532 1958 tendent
553 1914 661 1957 curam
681 1914 771 1956 suam
793 1889 1004 1978 professores,
1025 1897 1071 1972 ut,
1094 1890 1122 1954 si
1138 1912 1248 1956 eorum
1263 1891 1433 1978 qnisquam
1448 1892 1577 1958 noverit
1591 1901 1664 1956 stu-

397 1997 523 2062 diosum
546 1995 696 2082 aliquem,
718 1995 935 2080 cujuscunque
957 1993 1011 2059 illc
1033 1992 1138 2080 gentis
1154 1992 1253 2057 fuerit
1266 2002 1322 2059 aut
1336 1993 1540 2074 conditionis,
1557 1995 1662 2060 vitam

397 2122 486 2165 suam
510 2097 658 2163 indecore
680 2105 853 2184 perturpe
877 2095 979 2160 otium
1000 2103 1034 2160 et
1057 2095 1137 2160 vitia
1159 2095 1344 2182 transigere,
1366 2117 1439 2162 eum
1462 2096 1565 2182 primo
1588 2099 1665 2163 offi-

396 2204 436 2269 cii
466 2205 517 2270 sui
546 2203 716 2289 diligenter
737 2200 917 2280 admoneat,
938 2199 1054 2265 deinde
1077 2222 1165 2282 vero,
1188 2201 1216 2265 si
1237 2201 1299 2265 hoo
1319 2199 1441 2266 frustra
1463 2200 1515 2282 sit,
1537 2199 1663 2266 decano

395 2307 568 2390 facultatis,
600 2307 652 2372 cni
684 2305 831 2371 addictus
865 2327 937 2370 esse
971 2303 1114 2388 deberet,
1143 2304 1257 2369 sistere
1285 2303 1422 2370 eundem
1443 2313 1601 2386 teneatur,
1622 2314 1665 2370 nt
1775 2327 1776 2332 ¹

396 2422 529 2496 mature,
563 2420 733 2499 antequam
756 2409 859 2476 omnis
888 2407 1068 2475 emendatio
1096 2407 1267 2496 desperata
1289 2410 1342 2490 sit,
1364 2409 1533 2476 consilinm
1554 2408 1595 2474 de
1618 2433 1663 2474 eo

394 2517 467 2604 capi
488 2517 601 2604 possit.

855 2635 912 2702 De
942 2634 1196 2701 coercitione.

481 2760 549 2839 Qui
575 2758 775 2845 negligenter
802 2757 834 2821 in
863 2756 966 2822 officio
988 2764 1138 2823 versatus
1160 2754 1268 2835 fuerit,
1290 2777 1350 2820 nec
1372 2757 1502 2822 monitis
1524 2778 1663 2844 procan-

276 2911 284 2925 .
393 2865 521 2944 cellarii,
553 2863 687 2929 rectoris
721 2870 755 2927 et
787 2861 967 2926 consistorii
996 2863 1147 2949 paruerit,
1179 2868 1270 2948 parte
1293 2859 1447 2947 stipendii
1469 2861 1662 2948 privabitur,

395 2968 572 3034 secundum
599 2965 780 3032 consistorii
810 2987 985 3045 censuram,
1013 2966 1174 3054 precipue
1196 2973 1315 3046 autem,
1338 2966 1465 3050 quoties
1495 2988 1535 3031 ex
1557 2968 1662 3054 negli-

394 3074 501 3160 gentia
523 3073 693 3137 lectionem
715 3067 931 3149 intermiserit,
952 3069 1111 3135 thalerum
1132 3070 1210 3134 fisco
1232 3067 1402 3134 academiae
1421 3069 1536 3150 solvet,
1554 3070 1595 3135 ab
1611 3071 1662 3134 in-

395 3176 596 3264 spectoribus
620 3173 721 3239 aerarii
745 3182 778 3238 ct
799 3182 959 3260 questore
981 3173 1143 3260 stipendio
1166 3175 1236 3259 ejus
1259 3172 1520 3238 subtrahendum.

480 3285 509 3345 2.
555 3280 622 3358 Qui
650 3289 821 3345 contumax
847 3277 946 3342 fuerit
973 3287 1028 3342 aut
1055 3279 1110 3363 qui
1132 3285 1265 3364 propter
1286 3277 1364 3341 alias
1387 3298 1534 3342 enormes
1557 3277 1661 3344 offen-

393 3386 509 3466 siones,
537 3393 670 3472 propter
697 3384 878 3464 schismata,
900 3380 1130 3461 dissensiones,
1154 3381 1320 3463 factiones,
1343 3382 1460 3468 quibus
1484 3383 1544 3448 sub
1567 3406 1660 3449 exer·
1772 3389 1773 3392 ’

394 3490 539 3566 citiorum
568 3498 624 3554 aut
650 3489 783 3574 alicujus
806 3489 927 3575 negotii
949 3495 1106 3574 praetextu
1129 3489 1336 3574 juventutem
1359 3485 1399 3550 ad
1423 3509 1458 3552 se
1480 3487 1658 3574 pertrabat,
1772 3537 1773 3564 ,

393 3593 569 3679 potentiam
594 3595 685 3680 justo
708 3595 859 3679 majorem
885 3592 1035 3678 acquirat,
1058 3599 1114 3656 aut
1136 3590 1206 3656 aliis
1229 3591 1327 3655 etiam
1349 3589 1572 3657 occasionibus
1595 3592 1659 3657 sibi
1772 3577 1773 3640 l

393 3696 592 3763 dominatum
615 3704 645 3762 in
668 3697 748 3762 alios
771 3705 901 3783 quaerat,
923 3697 1000 3761 item
1023 3696 1051 3760 si
1073 3703 1207 3783 propter
1229 3695 1309 3760 vitia
1331 3694 1511 3776 manifesta,
1530 3697 1562 3761 in
1587 3696 1659 3783 qui-

394 3802 453 3867 bus
477 3800 719 3866 inemendabilis
742 3801 855 3887 pergit,
877 3799 1005 3865 tolerari
1028 3801 1097 3866 sine
1120 3799 1277 3866 dedecore
1301 3808 1335 3864 et
1354 3797 1470 3864 damno
1486 3800 1658 3867 academiae

393 3914 540 3992 nequeat,
562 3905 689 3990 cognita
711 3925 815 3984 causa,
836 3903 1022 3986 cancellarii,
1043 3905 1177 3970 rectoris
1201 3912 1234 3970 et
1256 3904 1439 3969 consistorii
1462 3905 1582 3992 publici
1605 3909 1659 3993 ju-

393 4009 477 4076 dicio
500 4010 540 4076 ab
563 4009 667 4075 officio
690 4009 916 4074 removebitur.

909 4304 1016 4389 Cap.
1049 4303 1133 4369 IX.

529 4463 579 4528 De
600 4462 731 4528 meacm
752 4459 952 4544 facultatum
975 4469 1005 4528 et
1027 4484 1140 4528 eorum
1163 4459 1311 4528 electione
1332 4479 1371 4522 cc
1393 4458 1515 4544 officio.

484 4624 508 4685 l.
552 4617 673 4684 Decani
702 4615 818 4702 singuli
845 4637 864 4679 a
893 4637 959 4680 suae
990 4613 1152 4678 facultatis
1174 4613 1306 4700 collegis
1329 4635 1457 4701 semper
1478 4613 1556 4678 novi
1579 4635 1651 4677 con-

392 4725 575 4797 stituentur,
598 4720 726 4808 quando
756 4741 860 4784 novus
890 4727 996 4784 rector
1017 4715 1238 4799 introducitur,
1259 4739 1278 4783 a
1300 4717 1479 4784 senioribus
1503 4717 1542 4782 ad
1562 4717 1650 4803 juni-

392 4849 464 4893 ores
487 4823 721 4891 descendendo.
