3564 5624
543 539 625 597 1655
648 539 694 596 ἥτε
719 529 957 598 loustitutiouel.
1310 529 1347 600 ll

126 727 260 783 senatus
284 721 452 785 sententiae
474 721 603 806 parebo
636 721 688 784 Ex
711 721 873 786 academia
895 744 958 786 non
981 723 1043 787 nisi
1066 745 1136 786 cum
1159 724 1243 788 bona
1259 725 1392 790 rectoris

125 823 231 907 gratia
254 823 433 904 discedam;
457 824 601 910 ejusdem
624 825 814 889 inhibitione
838 826 888 890 vel
912 835 1034 890 arresto
1057 828 1206 892 detentus
1221 851 1284 892 non
1302 828 1392 892 aufu-

125 928 222 1011 giam,
237 950 296 992 nec
312 929 373 992 nisi
389 927 498 994 debita
513 929 733 993 satisfactione
748 929 960 994 creditoribus
976 931 1128 1015 praestita,
1140 931 1391 1018 suppellectilem

126 1039 162 1094 et
190 1053 241 1096 res
269 1053 356 1096 meas
388 1055 428 1098 ex
456 1034 534 1098 urbe
561 1033 797 1119 transportabo.
842 1033 1001 1096 Promitte
1029 1056 1156 1119 quoque
1185 1057 1235 1100 me
1264 1058 1392 1120 promo-

125 1143 236 1200 turum
263 1137 432 1202 commoda
458 1137 637 1218 academia,
659 1137 701 1202 ad
723 1159 943 1223 quemcunque
967 1147 1086 1202 statum
1109 1161 1295 1225 pervenero.
1340 1139 1393 1203 Ita

79 1231 81 1234 ’
126 1261 180 1304 me
203 1240 302 1306 Daus
325 1240 466 1327 adjuvet.

216 1347 244 1408 6.
290 1344 383 1422 Quos
414 1345 662 1433 deprehenderit
692 1344 830 1409 honesto
861 1345 1047 1409 testimonio
1071 1345 1244 1410 destitutos
1266 1349 1290 1430 (:
1314 1344 1391 1411 dato

126 1449 183 1514 vel
213 1449 253 1512 ab
281 1449 444 1514 academia
472 1450 524 1514 vel
548 1450 706 1535 gymnasii
728 1449 861 1534 alicujus
883 1457 1017 1527 rectore,
1039 1449 1092 1513 vel
1114 1451 1182 1535 ejus
1205 1449 1390 1516 dioeceseos

126 1552 311 1638 episcopoz)
334 1555 508 1618 autetiam
530 1555 666 1618 infames
689 1562 723 1618 et
744 1553 904 1616 maleficos
926 1574 1125 1638 nequaquam
1150 1555 1290 1640 recipiet.
1327 1555 1389 1620 Ca-

127 1655 272 1741 talogum
294 1656 512 1722 studiosorum
535 1657 685 1736 omnium,
707 1657 809 1742 quiin
827 1657 905 1721 urbe
925 1655 1056 1743 degunt,
1072 1679 1091 1721 a
1106 1658 1299 1738 cursoribus,
1314 1659 1390 1722 dum

127 1760 248 1847 stipem
276 1760 430 1846 colligunt
455 1762 508 1827 vel
539 1762 625 1842 alias,
646 1760 785 1826 fideliter
807 1761 1037 1846 consignatum,
1059 1769 1228 1847 antequam
1252 1772 1390 1827 rectora-

126 1873 199 1928 tum
222 1864 364 1951 deponit,
386 1865 420 1929 in
442 1864 611 1930 academiae
634 1864 797 1930 archivum
818 1865 945 1930 inferet.

218 1973 245 2034 7.
291 1969 397 2035 Leves
421 1970 502 2049 lites,
525 1978 558 2034 et
579 1991 712 2055 quarum
735 1991 774 2034 ex
796 1970 866 2054 lege
891 1969 977 2034 nulla
999 1979 1049 2034 est
1071 1969 1199 2050 mulcta,
1212 1970 1300 2035 solus
1313 1969 1390 2034 dirl-

126 2081 196 2137 met
218 2073 361 2138 adhibito
384 2075 565 2153 secretario,
587 2075 642 2160 qui
664 2081 736 2138 acta
758 2072 926 2158 diligenter
948 2081 1047 2139 notet.

216 2181 245 2243 8.
292 2178 478 2258 Graviores,
506 2201 576 2263 quae
598 2177 749 2265 privatim
771 2179 920 2264 componi
940 2200 999 2242 nec
1020 2187 1158 2265 possunt
1179 2200 1238 2243 nec
1260 2176 1388 2262 debent,

125 2280 169 2344 ad
191 2283 296 2346 minus
319 2282 554 2356 consistorium,
576 2282 754 2346 criminales
778 2304 854 2346 vero
878 2289 911 2346 et
931 2283 1146 2367 gravissimas,
1168 2304 1301 2368 quaeque
1325 2291 1390 2348 sta-

127 2393 180 2448 tus
215 2386 387 2451 academici
422 2385 699 2450 conservationem
733 2371 936 2465 concernun't,
964 2385 1003 2449 ad
1037 2389 1138 2472 majus
1161 2386 1280 2452 referet
1302 2395 1334 2450 et
1356 2388 1388 2451 in

126 2489 271 2576 utrisque
294 2498 438 2554 tenorem
461 2492 479 2574 ξ
502 2493 531 2568 4,
555 2493 583 2569 5,
607 2492 636 2569 6,
659 2491 676 2552 l
701 2497 735 2553 et
756 2493 786 2567 8,
808 2511 877 2574 cap.
900 2489 918 2552 Ι
941 2489 1051 2555 stricte
1075 2491 1226 2555 servabit.

216 2597 244 2659 9.
288 2595 409 2659 Rector
430 2593 564 2657 mulctas
588 2601 620 2658 et
642 2615 762 2679 poenas
786 2616 804 2657 a
826 2594 1017 2658 consistorio
1035 2593 1179 2658 decretas
1195 2595 1311 2680 exiget,
1328 2615 1387 2659 nec

127 2719 182 2762 eas
206 2698 285 2762 citra
307 2697 490 2762 consistorii
512 2719 702 2763 consensum
723 2697 874 2761 remittet.

215 2804 263 2866 10.
310 2801 493 2867 Sententiae
515 2802 547 2865 in
570 2801 685 2881 causis,
707 2823 776 2885 quae
799 2823 864 2865 suae
888 2810 963 2865 sunt
978 2800 1222 2887 jurisdictionis,
1243 2824 1261 2866 a
1284 2823 1319 2865 se
1336 2802 1388 2868 vel

127 2905 319 2970 consistorio
342 2907 577 2992 pronunciatas,
603 2906 665 2970 nisi
687 2904 829 2990 legitima
850 2907 1037 2991 provocatio
1059 2905 1146 2971 facta
1166 2904 1273 2985 fucrit,
1296 2929 1388 2970 exse-

127 3018 256 3093 quetur:
280 3011 452 3089 accersitis,
474 3009 501 3074 si
525 3031 606 3096 opus
629 3008 735 3088 fuerit,
758 3008 927 3074 academiae
951 3009 1101 3096 vigilibus
1118 3032 1290 3095 eorumque
1305 3032 1387 3096 prae-

126 3112 213 3176 fecto
244 3135 303 3177 nec
329 3135 393 3177 non
421 3113 551 3198 reliquis
579 3112 749 3178 academiae
781 3113 945 3199 operariis,
977 3115 1058 3178 etsi
1081 3137 1213 3179 necesse
1237 3115 1327 3196 sit(:
1351 3122 1388 3178 ut

126 3238 198 3280 cum
220 3216 427 3282 homicidium
448 3227 504 3282 aut
526 3216 612 3282 aliud
635 3226 727 3282 atrox
750 3218 868 3282 crimen
892 3226 942 3282 est
964 3218 1196 3300 commissum)
1220 3217 1384 3282 advocatis

125 3323 232 3400 etiam,
264 3343 305 3386 nc
340 3343 414 3386 reus
449 3320 590 3406 effugiat,
617 3323 698 3385 arcis
728 3330 761 3386 et
783 3320 871 3386 urbis
894 3320 1140 3408 apparitoribus,
1163 3343 1243 3407 quos
1267 3329 1385 3407 praetor

125 3427 207 3490 arcis
230 3433 263 3490 et
286 3425 373 3490 urbis
396 3424 542 3490 consides
559 3425 627 3489 sine
642 3425 908 3510 tergiversatione
926 3426 1039 3490 sistere
1055 3425 1257 3490 tenebuntur.
1286 3424 1385 3502 Quod

125 3531 153 3593 si
176 3551 280 3616 neque
302 3527 363 3592 hoc
385 3537 479 3615 pacto
502 3551 568 3593 rem
595 3531 793 3594 exsecutioni
817 3528 967 3594 mandare
984 3530 1136 3616 potuerit,
1151 3528 1383 3594 communicato

124 3656 198 3698 cum
219 3633 467 3720 procancellario
490 3633 632 3712 consilio,
655 3631 695 3698 ad
717 3633 939 3698 cancellarimn
962 3655 1030 3698 eam
1054 3633 1180 3698 referet.

212 3739 261 3801 11.
307 3737 342 3802 si
365 3759 435 3823 quaa
458 3735 592 3802 dissidia
614 3747 669 3801 aut
686 3737 909 3802 altercationes
922 3738 1006 3802 iuter
1016 3738 1216 3824 professores
1232 3735 1383 3810 oriantur,

124 3863 178 3906 eas
201 3848 373 3928 componet
395 3849 460 3925 aut,
483 3841 511 3905 si
533 3840 568 3904 id
588 3864 652 3906 non
674 3843 825 3928 potuerit,
847 3841 888 3906 ad
903 3842 1127 3908 consistorium
1143 3843 1244 3928 majus
1262 3846 1295 3904 et
1308 3860 1383 3925 pro-

122 3945 347 4010 cancellarium
371 3943 503 4010 deferet.

211 4053 260 4114 12.
306 4048 521 4114 Conservabit
548 4048 718 4114 academiae
741 4059 774 4114 et
796 4050 1014 4116 studiosorum
1035 4049 1214 4136 privilegia,
1236 4067 1295 4110 nec
1317 4069 1379 4110 non

123 4151 323 4239 inspectores
353 4151 642 4239 stipendiariorum,
670 4155 780 4235 aerarii,
807 4154 1026 4240 typographiae
1058 4162 1153 4238 atquc
1176 4149 1381 4216 bibliotheca-

122 4255 205 4320 rium
227 4257 278 4322 sui
301 4257 398 4321 officii
421 4256 614 4338 admonebit,
637 4257 839 4322 aedificiorum
862 4281 968 4323 curam
991 4265 1024 4323 et
1038 4257 1268 4343 inspectionem
1286 4253 1382 4318 habe-

121 4358 168 4424 bit
191 4369 232 4442 et,
255 4383 324 4447 quae
346 4360 399 4425 hic
420 4361 473 4426 vel
489 4361 554 4426 illic
574 4360 806 4444 desiderantur,
821 4363 1007 4428 cancellario
1023 4369 1202 4447 opportune
1219 4358 1381 4438 indicabit,

121 4485 161 4528 ne
184 4466 301 4552 quain
325 4465 432 4551 ipsum
453 4465 654 4552 negligentia
677 4467 771 4552 culpa
792 4466 960 4532 redundet.

208 4572 257 4634 13.
300 4567 543 4634 Professoribus
568 4578 601 4636 et
623 4571 758 4635 alumnis
781 4571 876 4656 regiis
900 4571 1033 4658 aliisque
1055 4567 1207 4634 memhris
1223 4567 1379 4632 academi-

123 4667 176 4750 cis,
200 4697 268 4761 quae
291 4673 421 4761 publico
443 4674 585 4760 gaudent
608 4676 732 4757 salaria,
755 4675 915 4762 stipendia
936 4673 1126 4762 procurabit.
