3520 5616
591 555 672 616 1655
696 557 743 614 trs
767 557 1004 616 lonstitutionsr.
1343 555 1384 618 39

155 745 236 801 nato
261 737 396 804 Christo
418 738 458 803 ad
482 737 651 825 praesentia
668 731 819 826 ¹tempora
841 738 987 804 deducta
1009 749 1191 827 opportune
1206 749 1429 827 prosequetur,

158 849 196 903 ut
220 841 384 926 integram
407 842 537 908 triennii
559 842 664 928 spatio
687 842 844 907 absolvat.

248 941 420 1008 Secundus
448 944 527 1009 hora
553 946 582 1010 8.
605 945 771 1030 scriptura
793 947 952 1009 canonicae
975 944 1095 1011 veteris
1119 944 1302 1008 testamenti
1326 943 1427 1010 libros

154 1045 336 1111 historicos
348 1069 388 1111 ex
399 1047 544 1133 originali
556 1055 649 1113 textu
662 1047 830 1128 enarrabit,
838 1048 996 1133 simtdque
1008 1047 1181 1132 quotannis
1191 1047 1286 1110 certis
1300 1054 1334 1110 et
1342 1069 1427 1111 com-

156 1146 271 1212 modis
287 1150 484 1236 temporibus
505 1150 669 1216 historiam
686 1149 932 1214 ecclesiasticam
947 1157 1011 1214 vet.
1028 1149 1213 1214 testamenti
1229 1147 1304 1213 inde
1320 1171 1338 1212 a
1353 1171 1429 1213 con-

155 1247 230 1313 dito
243 1249 368 1315 mundo
381 1275 482 1340 usque
494 1253 536 1318 ad
545 1261 655 1318 natum
668 1250 832 1316 Christum
845 1253 999 1336 integram
1013 1253 1046 1315 in
1059 1252 1249 1339 compendio
1260 1261 1428 1337 proponet.

248 1351 382 1420 Tertius
406 1355 485 1420 hora
507 1359 535 1420 2.
560 1341 778 1442 pomeridiana
799 1355 940 1441 reliquos
963 1363 1027 1420 vet.
1051 1355 1235 1420 testamenti
1260 1354 1359 1421 libros
1375 1377 1427 1419 ca-

155 1454 299 1521 nonicos
329 1457 539 1545 inprimisque
566 1457 706 1545 psalmos
735 1467 768 1524 et
797 1459 970 1545 prophetas
999 1461 1136 1545 majores
1159 1467 1255 1544 atque
1278 1459 1429 1536 minores,

154 1555 278 1622 itidem
307 1582 348 1623 ex
375 1561 522 1647 originali
546 1569 639 1626 textu
660 1561 930 1648 interpretabitur.

254 1661 401 1739 Quartus
430 1665 508 1728 hora
538 1664 634 1729 tertia
666 1662 821 1748 pomerid.
853 1664 1003 1729 tractabit
1029 1664 1118 1728 locos
1145 1663 1343 1748 theologicos
1370 1685 1428 1728 seu

156 1765 317 1830 articulos
339 1764 424 1847 fidei,
448 1767 546 1852 priori
566 1766 696 1832 biennio
712 1789 752 1830 ex
768 1766 903 1852 publicis
919 1789 1003 1831 verse
1019 1766 1161 1830 ecclesias
1176 1765 1429 1832 confessionibus

157 1881 192 1930 ct
226 1869 391 1954 praecipue
418 1871 617 1954 Augustana,
650 1870 682 1934 in
712 1869 846 1935 concilio
873 1868 1058 1954 Upsaliensi
1087 1878 1226 1954 recepta,
1254 1869 1355 1932 altero
1383 1868 1429 1932 bi-

158 1971 272 2053 ennio,
308 1973 360 2036 vel
391 1970 433 2038 ad
463 1995 622 2038 summum
656 1972 804 2053 triennio,
833 1995 873 2037 ex
900 1972 979 2036 locis
1007 1971 1195 2056 theologicis
1223 1971 1367 2036 authoris
1396 1972 1428 2035 in

157 2075 271 2158 patria
292 2074 456 2140 academia
476 2075 607 2161 recepti,
630 2097 784 2139 unacum
809 2075 977 2161 praecipuis
999 2074 1235 2140 controversiis.

251 2178 445 2263 Quanquam
479 2187 585 2243 autem
612 2179 719 2265 quivis
747 2178 969 2263 theologorum
997 2177 1037 2242 ad
1065 2178 1125 2243 sibi
1149 2181 1243 2262 juxta
1272 2177 1427 2242 sessionis

158 2278 310 2344 ordinem
345 2280 398 2345 hie
430 2280 609 2368 assignatas
637 2282 791 2346 lectiones
818 2281 967 2366 alligatus
996 2279 1427 2359 essedebet‚nihiltan1en

159 2382 324 2466 prohibet,
357 2385 434 2469 quin
467 2386 557 2469 gravi
591 2384 632 2449 de
664 2407 760 2448 causa
786 2383 980 2470 permutatio
1009 2383 1117 2470 aliqua
1143 2384 1316 2448 lectionum
1344 2383 1428 2448 inter

157 2486 296 2551 eosdem
319 2486 386 2551 fieri
409 2487 522 2573 possit,
545 2488 595 2552 vel
619 2512 659 2552 ex
682 2487 832 2552 mandato
856 2487 924 2551 lua
947 2486 1079 2572 Maj:tis,
1102 2486 1155 2552 vel
1177 2485 1218 2551 de
1239 2486 1372 2550 consilio
1396 2495 1430 2550 et

159 2609 326 2654 consensu
348 2589 526 2654 cancellarii
550 2599 583 2654 et
605 2600 736 2656 senatus
759 2589 944 2669 academia
966 2599 1003 2654 ut
1026 2590 1113 2654 verb.
1137 2611 1184 2674 gr.
1206 2588 1428 2674 theologorum

160 2691 270 2776 primo
303 2692 545 2757 committantur
575 2693 731 2758 lectiones
761 2693 904 2774 secundi,
930 2693 983 2757 vel
1011 2693 1100 2757 tertii
1128 2701 1189 2757 etc.
1214 2701 1247 2756 et
1269 2691 1427 2757 vicissim:

160 2794 262 2860 modo
290 2793 325 2858 id
356 2794 604 2881 diligentissime
631 2807 791 2877 caveatur,
814 2819 854 2860 ue
877 2795 923 2860 sic
945 2796 1101 2860 lectiones
1124 2794 1196 2858 nllae
1218 2795 1430 2880 negligantur,

160 2896 223 2962 scd
251 2920 364 2962 omnes
393 2920 484 2984 aeque
507 2898 589 2964 bene
611 2900 664 2965 vel
686 2908 773 2965 certe
795 2899 908 2964 melius
932 2907 1120 2962 tractentur.
1164 2896 1328 2963 Noverint
1350 2919 1428 2962 vero

160 2999 334 3086 theologiae
369 3000 583 3086 professores,
615 3001 678 3068 sibi
712 3023 825 3067 severe
862 3000 1059 3089 prohibitum
1093 3023 1179 3082 esse,
1212 3023 1253 3066 ne
1287 3002 1429 3086 philoso-

162 3103 330 3189 phicarum
364 3102 617 3190 disputationum
650 3104 841 3170 scholastica
873 3103 1106 3185 commistione,
1141 3103 1226 3169 unde
1257 3105 1429 3191 pontificiae

160 3207 307 3272 tenebra
330 3215 363 3272 et
385 3206 638 3272 abominationes
662 3207 739 3273 olim
762 3215 880 3273 exortae
896 3214 981 3287 sunt,
999 3206 1178 3272 doctrinam
1193 3229 1294 3288 suam,
1309 3207 1430 3294 scripta

161 3308 309 3396 adeoque
338 3309 532 3396 theologiam
559 3311 662 3397 ipsam
684 3310 874 3376 deforment.
912 3309 954 3374 Id
976 3309 1031 3394 qui
1053 3309 1168 3374 fecerit
1189 3318 1222 3374 et
1245 3309 1428 3376 admonitus

161 3436 278 3499 parere
311 3413 518 3492 recusaverit,
549 3414 641 3498 gravi
675 3413 853 3478 cancellarii
881 3422 915 3480 et
942 3421 1073 3480 senatus
1097 3411 1270 3477 academici
1293 3436 1429 3480 censura

162 3516 373 3584 coercebitur.
417 3515 561 3602 Operam
584 3516 680 3580 etiam
703 3516 834 3597 dabunt,
855 3525 1008 3602 quantum
1032 3514 1099 3580 fieri
1123 3522 1240 3601 potest,
1263 3525 1299 3580 ut
1317 3516 1428 3582 lectio-

161 3618 260 3684 nibus
290 3618 478 3705 theologicis
501 3617 655 3704 adscripti
679 3618 815 3684 studiosi
837 3619 1046 3684 fundamenta
1067 3617 1257 3703 linguarum,
1281 3619 1427 3705 inprimis

162 3721 292 3788 hebrea
314 3729 348 3788 et
368 3745 487 3810 graecae,
504 3721 652 3811 jecerint.

253 3850 313 3912 2:0.
345 3845 367 3911 J
373 3845 742 3910 urisconsultorum.

252 3966 304 4030 Ex
333 3966 415 4052 juris
449 3965 686 4052 professoribus
719 3965 841 4052 primus
863 3966 918 4051 jus
947 3962 1042 4028 civile
1065 3985 1233 4028 suecorum
1255 3963 1428 4049 privatum,

163 4071 269 4155 primo
292 4069 459 4156 tyronibus
482 4070 515 4133 in
537 4069 592 4134 illo
615 4067 723 4133 studio
745 4067 831 4133 nude
854 4075 887 4132 et
913 4087 983 4130 cum
1005 4066 1187 4131 necessaria
1205 4075 1314 4131 textus
1335 4090 1428 4154 para-

163 4172 275 4257 phrasi
303 4172 502 4259 explanabit;
531 4170 649 4238 deinde
677 4194 755 4237 vero
783 4173 815 4235 in
839 4169 984 4234 doctrina
1001 4171 1094 4255 juris,
1116 4179 1181 4234 tam
1204 4169 1310 4255 patrii,
1332 4194 1427 4256 quam

163 4275 285 4360 publici
318 4275 508 4341 universalis
542 4284 576 4341 et
608 4274 712 4341 civilis
738 4274 862 4338 romani
889 4272 1087 4358 aliquantum
1115 4272 1288 4358 provectis,
1319 4274 1426 4342 fontes

159 4380 244 4464 juris
276 4378 390 4442 suetici
422 4401 462 4442 ex
483 4380 557 4464 jure
585 4377 721 4442 naturali
749 4385 782 4442 et
810 4377 952 4463 positivo
981 4373 1092 4441 divino
1116 4384 1150 4440 et
1177 4375 1325 4457 humano,
1350 4401 1427 4465 gen-

164 4482 245 4546 tium
268 4488 428 4568 praecipue
450 4481 656 4546 moratiorum
676 4479 840 4546 derivatos
856 4479 1057 4557 monstrabit,
1073 4478 1339 4565 collationemque
1355 4503 1426 4545 cum

160 4587 234 4671 jure
256 4606 399 4665 romano,
419 4593 456 4648 ut
478 4593 512 4649 et
531 4585 735 4670 antiquorum
757 4583 1031 4669 suec-gothorum,
1052 4583 1251 4647 intemorum
1274 4593 1308 4648 et
1322 4593 1427 4648 exter-

165 4711 287 4772 norum,
299 4689 541 4778 vicinorumque
551 4709 783 4776 germanorum,
789 4685 945 4752 danorum
958 4694 991 4751 et
999 4685 1132 4750 aliorum
1145 4686 1337 4774 populorum
1348 4687 1426 4773 legi-
