3520 5616
567 513 649 570 1655
672 511 718 568 irs
744 511 981 569 lovistitutioner.
1332 509 1370 570 51

125 690 307 777 affigenda
338 702 423 774 sunt,
451 693 696 779 disputationes,
724 693 951 772 intimationes,
983 695 1101 760 aliaevae
1124 694 1241 760 chartae
1264 695 1414 760 nonnisi

126 795 246 860 finitis
269 798 368 862 sacris
391 797 506 862 tabulae
529 797 707 883 affigentur.
746 798 812 875 Qui
836 820 875 861 ex
899 797 1054 862 studiosis
1077 799 1208 884 proprio
1231 819 1310 862 ausu
1326 799 1415 884 quic-

125 922 243 984 quam
276 902 423 981 affixerit,
456 901 630 968 arbitrariae
664 924 775 988 poenae
805 925 824 965 a
851 903 1043 966 consistorio
1073 901 1322 968 determinandae
1354 903 1412 968 ob-

127 1005 263 1070 noxius
287 1007 356 1071 erit.

236 1113 284 1174 15.
330 1107 466 1174 Chartae
495 1109 620 1195 publice
648 1108 840 1194 propositas,
870 1119 1106 1195 programmata
1129 1111 1263 1175 rectoris
1287 1119 1321 1174 et
1342 1132 1412 1174 aca-

132 1210 264 1278 demiae
287 1223 427 1293 senatus,
450 1212 668 1300 professorum
683 1211 928 1298 disputationes,
944 1213 995 1278 vel
1010 1213 1051 1278 de
1068 1213 1138 1278 aliis
1155 1214 1296 1299 negociis
1312 1214 1412 1299 signi-

129 1317 324 1396 ficationes,
349 1339 442 1382 nemo
465 1317 525 1382 sub
548 1339 653 1403 poena
674 1317 809 1381 carceris
833 1315 933 1396 bidui,
955 1318 1095 1404 injussus
1118 1318 1261 1383 revellat.

237 1422 284 1486 16.
332 1421 576 1506 Exagitationes
605 1421 753 1485 scurriles
783 1429 816 1484 et
847 1421 1035 1486 vexationes
1058 1421 1318 1486 scholasticorum
1342 1443 1413 1486 aoa-

131 1523 261 1589 demiae
288 1547 400 1590 recens
429 1525 673 1611 adscriptorum,
700 1523 874 1590 eorundem
899 1525 1000 1610 epulae
1024 1535 1057 1589 et
1080 1526 1239 1605 convivia,
1261 1525 1330 1590 sive
1354 1549 1412 1591 no-

132 1629 233 1693 mine
266 1651 424 1711 accessus,
457 1631 526 1694 sive
559 1649 749 1715 quocunque
778 1629 841 1693 alio
868 1629 963 1693 titulo
991 1637 1047 1693 aut
1075 1638 1231 1714 praetextu
1254 1638 1412 1714 tegantur,

132 1734 232 1797 serio
266 1732 485 1819 prohibentur,
519 1733 579 1798 sub
616 1754 718 1819 poena
751 1733 954 1818 relegationis
982 1733 1086 1797 taoitrn
1116 1733 1168 1799 vel
1197 1732 1330 1818 publicae
1354 1757 1412 1819 pro

133 1837 272 1902 ratione
296 1839 405 1923 culpae.

238 1944 285 2004 17.
331 1940 514 2005 Nationalia
542 1939 680 2026 denique
707 1939 930 2004 conventicula
958 1941 1079 2026 quaevis
1107 1943 1228 2027 pariter
1250 1941 1413 2027 prohibita

135 2055 254 2110 sunto.
300 2045 472 2130 Quotquot
498 2043 690 2130 deprehensi
717 2044 839 2108 fuerint
871 2044 948 2108 talia
981 2066 1177 2109 convocasse
1212 2045 1261 2110 vel
1292 2044 1411 2110 adiisse

135 2156 312 2235 perpetuae
346 2149 550 2234 relegationis
585 2171 687 2234 poena
721 2147 907 2234 plectentur.
953 2148 1019 2225 Qui
1047 2146 1135 2212 hisce
1164 2147 1248 2213 aedes
1271 2171 1413 2214 commo-

137 2253 284 2332 daverit,
307 2253 334 2316 si
358 2252 526 2317 academiae
544 2251 761 2339 jurisdictioni
785 2252 947 2337 subjectus
971 2251 1077 2331 fuerit,
1101 2250 1206 2316 eidem
1230 2275 1339 2338 poenae
1356 2254 1412 2319 ob-

138 2361 264 2421 noxius
298 2357 368 2422 erit.
415 2356 470 2421 Sin
508 2379 583 2421 vero
617 2356 750 2441 alicujus
782 2356 901 2440 aegroti,
929 2355 980 2421 vel
1008 2354 1129 2420 funeris
1162 2356 1291 2421 curandi
1316 2380 1412 2423 causa

138 2461 321 2526 convenire
344 2461 481 2525 studiosi
506 2460 676 2541 volueriut,
699 2458 732 2524 id
755 2461 810 2523 fiet
833 2461 863 2523 in
887 2459 1008 2524 adibus
1031 2462 1174 2524 rectoris.
1276 2531 1286 2548 ι

236 2569 287 2630 18.
335 2566 458 2630 Omnes
486 2564 580 2629 ludos
609 2565 807 2643 inhonestos,
836 2573 1039 2644 tesserarum,
1070 2565 1155 2644 alea,
1177 2565 1356 2630 chartarum
1381 2576 1414 2632 et

139 2671 268 2734 similes
292 2670 362 2755 lege
385 2669 564 2755 prohibitos
587 2669 723 2754 quisque
747 2670 838 2733 vitet.
874 2667 908 2732 si
930 2669 1002 2753 quis
1019 2668 1238 2754 deprehensus
1253 2670 1413 2736 hieritlu-
1534 2729 1538 2738 .

140 2773 255 2840 dendo
283 2774 417 2838 alienam
446 2774 622 2860 pecuniam,
645 2773 753 2853 libros,
777 2795 885 2858 equos,
913 2781 969 2836 aut
987 2795 1208 2859 quamcunque
1230 2796 1297 2840 rem
1319 2777 1413 2840 aliam

141 2877 189 2942 ad
213 2901 248 2942 se
271 2877 483 2957 transtulisse,
501 2886 606 2942 rector
628 2886 662 2941 et
683 2877 907 2943 consistorium
929 2877 1036 2942 ablata
1057 2885 1182 2964 repetet
1204 2887 1238 2943 et
1259 2889 1414 2966 praeterea

142 2993 318 3067 utrumque
347 2982 536 3046 collusorem
566 2981 740 3047 secundum
773 2981 876 3068 legem
897 2981 1026 3067 plectet,
1049 2990 1083 3046 et
1103 3003 1161 3067 per
1183 2981 1253 3047 dies
1276 2993 1413 3069 quatuor

141 3087 268 3150 carceri
289 3086 492 3171 mancipabit.

237 3193 286 3254 19.
332 3190 479 3275 Quisque
508 3211 600 3254 suum
629 3198 746 3268 teneat,
773 3189 813 3253 ab
835 3189 939 3253 alieno
962 3189 1131 3268 abstineat,
1153 3190 1258 3255 sciens
1281 3189 1414 3256 admissi

143 3294 278 3359 sceleris
302 3315 438 3380 poenam
462 3294 514 3358 vel
538 3293 753 3358 exclusionem
778 3293 829 3358 vel
852 3292 944 3357 aliam
968 3293 1148 3378 graviorem
1170 3293 1249 3359 fore.

236 3401 287 3462 20.
333 3396 446 3462 Solvat
474 3397 610 3482 quisque
638 3395 723 3482 quod
748 3405 858 3461 mutuo
881 3397 1027 3482 sumpsit,
1049 3397 1207 3483 imprimis
1230 3397 1413 3485 hospitibus

144 3525 207 3588 pro
237 3502 324 3566 victu
358 3510 391 3566 et
424 3501 632 3579 habitatione,
666 3500 835 3585 solvatque
868 3523 909 3565 ex
935 3511 1029 3586 paeto
1058 3511 1091 3566 et
1118 3502 1189 3586 lege
1211 3501 1349 3568 fideliter
1375 3527 1413 3568 ao

143 3605 351 3692 tempestive.

234 3715 284 3774 21.
330 3709 454 3775 Omnes
489 3731 552 3773 non
587 3709 784 3774 necessarios
819 3720 975 3796 sumptus,
1003 3711 1057 3794 qui
1087 3710 1119 3773 in
1143 3709 1297 3774 vestitum
1320 3711 1411 3776 inde-

144 3837 268 3894 corum,
293 3815 412 3893 luxum,
440 3812 653 3878 helluationes
681 3824 715 3877 et
740 3814 890 3878 convivia
911 3813 1141 3898 intempestiva
1164 3821 1196 3877 et
1218 3814 1296 3878 alias
1321 3815 1412 3901 inep-

142 3920 209 3984 tias
243 3916 491 4004 profunduntur,
524 3916 660 4002 quilibet
685 3916 801 4002 fugiat,
828 3939 920 3981 secus
951 3916 1072 3981 faciens
1102 3917 1260 4003 plectetur
1281 3941 1409 3984 carcere

145 4024 203 4088 vel
225 4022 287 4087 alia
310 4044 414 4108 poena
436 4021 612 4087 arbitraria.

236 4130 287 4191 22.
331 4127 384 4191 Ab
407 4125 554 4190 omnibus
577 4125 710 4211 injuriis,
734 4126 776 4205 vi,
794 4124 905 4188 fraude
922 4133 955 4190 et
970 4124 1110 4190 caedibus
1127 4125 1260 4190 aliorum
1278 4147 1413 4213 corpora

121 4223 338 4296 'laedentibus
373 4239 406 4294 et
435 4230 545 4310 vitam,
578 4228 638 4293 sub
670 4251 775 4315 poena
801 4229 926 4314 legibus
950 4251 1113 4314 expressa,
1136 4251 1155 4292 a
1176 4227 1340 4294 seditiosis
1363 4240 1415 4296 tu-

146 4335 302 4400 multibus
325 4334 385 4398 sub
408 4355 512 4419 poena
533 4333 658 4419 capitis,
682 4332 721 4396 ab
745 4332 858 4396 aedium
881 4332 1185 4418 oppugnationibus,
1202 4331 1415 4400 fenestrarum

147 4439 346 4517 elisionibus,
363 4440 532 4523 januarum
556 4437 805 4516 effractionibus,
828 4435 889 4500 sub
912 4459 1016 4522 poena
1039 4435 1244 4521 relegationis
1267 4446 1324 4501 aut
1344 4460 1415 4524 gra-

147 4545 232 4610 viori
255 4543 474 4627 unusquisque
497 4541 664 4606 abstineat.

233 4650 283 4712 23.
330 4645 365 4712 Si
396 4647 468 4732 quis
501 4647 534 4710 in
561 4647 692 4711 civitate
720 4653 817 4710 noctu
840 4647 892 4710 vel
915 4643 1054 4709 interdiu
1075 4644 1206 4730 globum
1229 4643 1413 4729 plumbeum

149 4752 201 4816 vel
234 4751 325 4837 ignes
359 4750 497 4815 missiles
531 4750 707 4838 ejaculatus
740 4749 847 4833 fuerit,
878 4750 905 4815 is
931 4749 1012 4814 sciat
1038 4770 1073 4813 se
1095 4747 1157 4812 hoc
1179 4749 1252 4834 ipso
1274 4747 1361 4813 facto
1383 4747 1416 4810 in
