3564 5624
426 558 466 621 lt
810 559 892 619 1655
913 559 959 618 lrs
983 559 1222 618 lonstitutioner.

380 746 515 831 aliisque
537 745 676 830 negotiis
698 743 835 830 publicis
857 743 1118 810 administrandis
1141 743 1239 829 leges,
1264 743 1426 830 justitiam
1447 751 1479 808 et
1501 742 1640 828 aequita-

379 859 445 914 tem
467 850 614 914 servabo.
659 849 839 928 Postremo,
860 871 932 933 quse
954 847 997 914 ad
1017 848 1268 913 incolumitatem
1292 855 1326 912 et
1339 845 1529 932 dignitatem
1543 846 1642 931 hujus

380 952 550 1016 academiae
571 953 703 1032 faciunt,
726 974 788 1016 non
812 961 937 1016 tantum
955 954 1022 1038 jam
1039 953 1070 1015 in
1086 951 1229 1014 muneris
1242 951 1336 1036 hujus
1353 949 1643 1027 administratione,

379 1055 437 1120 sed
460 1065 494 1121 et
516 1079 574 1142 per
596 1065 696 1121 totam
721 1056 820 1120 vitam
843 1077 955 1134 meam,
971 1054 1001 1118 in
1017 1076 1207 1140 quacunque
1222 1053 1387 1118 functione
1402 1054 1524 1132 vixero,
1539 1074 1642 1138 quan·

379 1169 447 1222 tum
470 1161 502 1223 in
525 1181 576 1224 me
598 1159 707 1238 fuerit,
729 1158 937 1244 promovebo.
980 1157 1033 1222 Ita
1054 1179 1105 1221 me
1127 1157 1227 1222 Deus
1250 1156 1392 1243 adjuvet

730 1347 1003 1418 duramentum
1031 1347 1286 1433 protectoris.

465 1484 537 1570 Ego
571 1485 611 1550 N.
633 1486 675 1549 N.
704 1493 813 1550 sancte
845 1485 1000 1571 promitto
1028 1494 1061 1548 et
1087 1483 1242 1570 spondeo,
1263 1507 1314 1549 me
1337 1507 1400 1548 una
1422 1505 1493 1547 eum
1516 1489 1642 1545 rectore

380 1585 517 1650 fideliter
544 1610 671 1672 operam
700 1587 858 1666 daturum,
885 1596 922 1651 ut
949 1609 1029 1673 pura
1058 1587 1215 1672 evangelii
1239 1587 1383 1652 doctrina
1408 1598 1441 1652 et
1462 1585 1531 1650 aliea
1553 1592 1642 1648 artes

380 1688 459 1752 Duo
481 1700 580 1774 gratae
603 1699 635 1754 et
658 1691 799 1755 ecclesiae
818 1699 914 1775 atque
930 1691 1113 1776 reipublieae
1125 1690 1219 1754 utiles
1236 1700 1269 1754 et
1283 1691 1470 1755 necessariae
1486 1687 1643 1753 studiosae

375 1794 540 1876 juventuti
575 1803 805 1878 proponantur.
852 1793 981 1858 Deinde
1009 1794 1214 1857 serenissimo
1243 1804 1277 1858 et
1303 1793 1529 1880 potentissimo
1552 1792 1643 1877 priu-

380 1893 443 1979 cipi
477 1917 514 1958 ac
541 1894 682 1976 domino,
708 1896 761 1960 dn.
789 1897 933 1962 emoto
962 1896 1142 1978 Gusrsvo,
1165 1899 1233 1983 regi
1255 1906 1367 1961 nostro
1390 1894 1643 1961 clementissimo

381 1997 522 2062 debitum
555 1998 744 2083 obsequium
768 2007 801 2062 et
822 1999 1007 2065 fidelitatem
1032 2001 1191 2086 praestabo
1214 2011 1310 2085 atque
1331 2009 1366 2063 ut
1388 2021 1499 2064 omnes
1522 1995 1640 2061 acade-

381 2100 471 2164 nricae
488 2101 706 2187 jurisdictioni
729 2102 864 2188 subjecti
887 2103 971 2167 idem
996 2112 1157 2189 praestent,
1185 2113 1339 2189 quantum
1363 2105 1395 2167 in
1419 2123 1469 2165 me
1492 2101 1563 2177 erit,
1585 2121 1645 2162 au-

381 2204 533 2268 thoritate
560 2204 688 2290 publica
709 2205 836 2270 curabo.
875 2205 1015 2292 Insuper
1036 2229 1107 2292 quae
1129 2206 1169 2271 ad
1193 2207 1329 2270 salutem
1349 2207 1520 2270 utilitatem
1542 2213 1643 2288 atque

381 2307 568 2392 dignitatem
597 2306 691 2392 hujus
714 2307 883 2373 academia
906 2309 1036 2389 faciunt,
1058 2309 1171 2375 sedulo
1198 2317 1231 2374 et
1255 2309 1426 2395 diligenter
1451 2305 1642 2393 procurabo.

381 2411 483 2474 Porro
516 2410 615 2474 aciem
644 2412 816 2490 oculorum,
843 2421 996 2498 quantum
1018 2413 1049 2476 in
1071 2435 1123 2476 me
1145 2421 1204 2491 est,
1227 2413 1258 2477 in
1283 2435 1394 2476 omnes
1416 2411 1512 2496 hujus
1535 2411 1644 2495 reipu-

380 2514 469 2578 blieae
491 2513 638 2578 literariae
661 2523 769 2598 partes
792 2515 954 2578 intendam
978 2524 1012 2580 et
1033 2515 1110 2602 quid
1133 2524 1219 2580 recte
1242 2514 1384 2601 quidque
1412 2535 1504 2578 secus
1530 2521 1596 2574 tam
1622 2532 1645 2574 a

382 2616 570 2682 docentibus
598 2639 693 2702 quam
715 2615 912 2682 discentibus
935 2620 990 2682 fiat
1018 2623 1042 2700 (ε
1066 2627 1136 2696 ete,
1157 2641 1228 2704 quas
1249 2619 1282 2682 in
1302 2620 1485 2704 juramento
1508 2612 1644 2679 rectoris

382 2722 593 2799 eontinentur,
616 2743 713 2807 supra
735 2745 803 2808 cap.
828 2727 848 2787 4
871 2722 1045 2804 addendaz)

908 2964 1014 3047 Cap.
1043 2966 1122 3030 VI.

823 3119 871 3182 lle
893 3119 1189 3184 deliberationibus.

470 3301 495 3362 1.
540 3303 740 3370 Adsessores
764 3308 868 3371 vocati
893 3306 932 3371 ad
955 3308 1180 3373 consistorium
1204 3308 1282 3374 hora
1304 3309 1479 3372 constituta
1502 3304 1645 3368 venient.

382 3404 449 3481 Qui
478 3407 547 3472 sine
575 3431 671 3474 causa
698 3411 821 3474 sontica
843 3418 900 3472 aut
921 3409 983 3474 alia
1000 3412 1090 3496 justa
1112 3413 1293 3490 emanserit,
1315 3433 1420 3497 poena
1442 3410 1537 3472 trium
1560 3429 1646 3471 mar·

382 3530 490 3572 earum
524 3512 743 3577 mulctabitur:
778 3513 931 3578 absentiae
960 3535 1038 3577 vero
1068 3535 1196 3578 eausam
1226 3515 1340 3579 rectori
1369 3523 1443 3577 aute
1466 3512 1645 3576 sessionem

382 3611 537 3678 indicabit
564 3615 597 3679 in
621 3615 811 3680 consistorio
835 3614 1082 3701 dijudicandam.
1126 3616 1193 3694 Qui
1216 3619 1318 3682 serius
1342 3616 1476 3694 venerit,
1499 3614 1646 3678 velante

382 3718 591 3780 constitutum
622 3728 749 3804 tempus
778 3719 924 3798 abiverit,
946 3741 1006 3804 pro
1029 3720 1162 3804 singulis
1186 3720 1273 3786 horis
1297 3743 1354 3786 sex
1377 3719 1497 3786 solidos
1521 3718 1644 3783 solvet:

381 3827 487 3884 rector
510 3843 587 3885 vero
610 3822 725 3887 absens
749 3830 805 3886 aut
826 3844 898 3886 sero
920 3824 1053 3887 veniens
1077 3822 1176 3909 duplo
1198 3825 1413 3889 mulctabitur.

468 3926 496 3986 2.
542 3923 662 3989 Rector
689 3926 776 3990 solus
808 3947 936 3989 oausam
965 3925 1162 3991 tractandam
1192 3937 1352 4013 proponet
1379 3935 1412 3990 et
1439 3926 1521 3990 clare
1545 3947 1640 4009 expo-

382 4035 437 4090 net
471 4037 513 4106 et,
541 4027 568 4092 si
597 4029 727 4113 gravior
753 4051 790 4092 ae
812 4027 990 4092 intricatior
1018 4029 1124 4110 fuerit,
1154 4032 1289 4096 seorsim
1316 4028 1547 4108 adsessoribus,
1570 4049 1647 4112 pro-

381 4129 557 4215 grediendo
581 4155 600 4196 a
622 4131 841 4217 superioribus
864 4129 904 4194 ad
928 4131 1105 4211 inferiores
1128 4133 1252 4218 copiam
1276 4133 1373 4198 faciet
1395 4131 1435 4197 de
1450 4154 1488 4196 ea
1502 4131 1648 4196 breviter

383 4232 571 4312 disserendi,
601 4243 771 4318 antequam
799 4233 838 4298 ad
862 4233 1014 4319 suffragia
1037 4244 1135 4298 eatur.
1181 4235 1349 4301 Interdum
1372 4235 1436 4300 duo
1460 4233 1511 4297 vel
1535 4232 1646 4318 plures

382 4359 508 4400 causam
542 4336 769 4423 disceptabunt
791 4339 823 4400 in
848 4346 1015 4422 utramque
1039 4349 1160 4423 partem
1181 4338 1278 4425 idque
1300 4339 1419 4404 facient
1442 4337 1510 4400 siue
1531 4335 1647 4414 livore,

382 4438 450 4503 sine
485 4439 591 4504 studio
622 4441 770 4526 partium,
801 4441 869 4504 sine
901 4438 1078 4524 iniquitate,
1101 4443 1274 4507 acerbitate
1297 4451 1353 4506 aut
1376 4439 1645 4526 interpellatione.

381 4544 491 4626 Atque
513 4552 581 4606 tum
605 4543 742 4618 demum,
764 4542 851 4607 hisee
874 4543 1022 4628 peractis
1043 4545 1246 4630 proferentur
1261 4555 1294 4610 et
1308 4544 1560 4608 numerabuntur
1575 4565 1647 4610 seu·

381 4647 490 4718 tentiae
513 4647 566 4714 vel
589 4648 710 4714 calculi.
