3564 5624
554 552 635 611 1655
661 552 706 610 ira
730 552 969 614 lonstitutiouer.
1317 551 1356 614 13

137 740 233 798 aetate
268 741 302 799 et
334 732 515 800 eruditione
545 743 578 800 et
606 757 714 802 amore
750 736 919 803 academiae
951 738 1090 825 vitaque
1112 739 1271 824 gravitate
1293 738 1404 825 hujus-

136 836 225 900 modi
258 839 382 902 muneri
415 838 551 903 idoneus
575 838 714 923 judicari
742 841 872 926 poterit.
898 839 992 920 -Hio,
1019 863 1108 906 more
1129 841 1308 907 rectoribus
1331 842 1401 907 aliis

136 949 304 1020 consueto,
338 962 450 1005 carneas
478 941 510 1004 in
541 941 733 1007 consistorio
765 943 806 1008 ad
829 943 1070 1009 deliberandum
1093 953 1254 1031 proponet
1276 954 1402 1010 senten·

135 1043 262 1129 tiasqne
285 1052 319 1108 et
340 1053 418 1108 vota
440 1045 569 1130 colliget
591 1045 724 1131 aliaque,
747 1069 817 1133 quae
840 1048 871 1112 in
895 1047 1001 1112 officio
1024 1047 1157 1111 rectoris
1173 1056 1248 1112 sunt
1263 1069 1401 1112 comme-

135 1156 269 1227 morata,
302 1169 372 1214 enm
401 1147 535 1213 consilio
562 1147 745 1234 auxilioque
774 1152 967 1236 prorectoris
995 1149 1133 1216 fideliter
1153 1150 1398 1216 administrabit.

223 1255 252 1316 2.
296 1251 468 1317 Prorector
489 1252 522 1315 in
545 1250 737 1315 consistorio
761 1254 876 1317 rectori
897 1253 1053 1319 assidebit
1068 1276 1221 1340 suamque
1237 1253 1298 1340 ipsi
1314 1276 1398 1318 com·

135 1355 312 1420 manicabit
334 1377 464 1442 operam
486 1354 518 1417 in
542 1353 637 1418 rebus
660 1354 829 1420 academiae
853 1356 1036 1442 dirigendis.
1081 1356 1218 1421 Reditus
1241 1366 1347 1422 autem
1367 1367 1400 1422 et

136 1481 184 1538 ea,
215 1481 286 1543 quae
308 1459 392 1524 solvi
414 1458 520 1523 solent
541 1459 666 1537 rectori,
689 1459 805 1523 cedent
827 1463 1001 1544 prorectori
1031 1460 1085 1545 qui
1108 1463 1264 1525 rationem
1284 1460 1398 1526 reddet

110 1597 114 1614 ·
135 1562 278 1626 omnium
313 1582 432 1639 eornm,
465 1581 535 1644 quse
563 1559 641 1626 alias
664 1583 683 1626 a
706 1562 883 1627 rectoribus
911 1563 1017 1628 officio
1041 1563 1231 1628 exeuntibus
1254 1565 1398 1650 praestari

135 1667 252 1731 solent.

225 1771 253 1832 3.
299 1767 390 1832 Alias
419 1767 579 1832 ordinario
608 1775 732 1832 rectore
755 1769 886 1834 absente
910 1770 1043 1835 eandem
1067 1791 1137 1834 cum
1160 1777 1284 1835 rectore
1306 1779 1399 1858 pote-

133 1878 251 1935 statem
275 1871 407 1936 habebit
429 1871 564 1956 quilibet
585 1879 759 1957 prorector.

223 1976 254 2037 4.
297 1973 419 2038 Rector
445 1983 478 2038 et
505 1981 670 2060 proreetor
697 1975 792 2040 simul
814 1997 854 2040 ex
877 1975 955 2040 urbe
978 1999 1040 2040 non
1065 1976 1313 2063 proficiscentur,
1335 1979 1398 2044 nisi

134 2075 169 2140 id
205 2077 294 2163 prius
328 2077 576 2163 procanoellario
613 2085 646 2141 et
678 2077 870 2143 consistorio
898 2077 1157 2164 significaverint,
1190 2081 1346 2166 aquibus
1370 2083 1397 2146 si

134 2179 265 2244 veniam
298 2179 553 2266 impetraverint,
586 2181 683 2246 alium
717 2181 838 2246 interea
865 2204 905 2246 ex
928 2189 1042 2246 senatu
1064 2181 1245 2248 academico
1267 2206 1397 2270 prorec-

106 2278 108 2286 ’
133 2290 240 2348 torem
264 2284 469 2350 constituent.

223 2387 252 2449 5.
297 2385 470 2452 Prorector
496 2387 628 2453 absente
650 2397 773 2454 rectore
796 2385 1003 2454 deliberanda
1025 2391 1216 2456 consistorio
1236 2400 1397 2478 proponet

134 2489 377 2574 sententiasque
404 2491 537 2576 rogabit,
565 2501 737 2578 cognoscet
766 2501 799 2558 et
824 2492 857 2556 iu
882 2490 1057 2578 judicando
1081 2516 1118 2560 aa
1140 2503 1301 2581 aequetis,
1324 2517 1395 2581 quaa

133 2613 233 2678 supra
255 2589 295 2656 de
318 2593 423 2658 officio
445 2595 580 2660 rectoris
603 2596 778 2660 constituta
799 2605 883 2660 sunt.

419 2835 690 2900 duramentum
713 2835 885 2900 rectoris
908 2833 1100 2899 illustris.

220 2989 291 3076 Ego
320 2988 362 3053 N.
389 2988 430 3053 N.
459 2997 568 3054 sancte
597 2989 750 3077 promitto
783 3000 816 3055 et
838 2988 991 3073 spondeo,
1023 2989 1161 3076 primum
1184 3013 1235 3056 me
1257 2991 1395 3059 fideliter

134 3115 266 3179 operam
290 3091 448 3170 daturum,
473 3101 509 3156 ut
531 3115 612 3178 pura
634 3093 791 3178 evangelii
814 3091 959 3158 doctrina
977 3100 1010 3156 et
1025 3093 1093 3157 aliae
1108 3101 1192 3158 artes
1208 3093 1281 3158 Deo
1296 3105 1394 3181 gratae

133 3207 167 3261 et
189 3195 331 3260 eeclesiae
354 3203 450 3281 atque
472 3195 653 3282 reipublicae
676 3196 770 3261 utiles
794 3204 828 3261 et
849 3193 1036 3260 necessariae
1058 3194 1209 3260 studiosae
1227 3199 1393 3283 juventuti

133 3307 364 3385 proponantur.
409 3298 536 3364 Deinde
570 3299 775 3364 serenissimo
802 3321 839 3364 ao
867 3296 1090 3385 potentissimo
1118 3300 1254 3387 principi
1277 3325 1313 3366 ao
1336 3302 1393 3367 do-

132 3402 231 3481 mino,
264 3401 315 3465 dn.
347 3401 491 3468 CAROLO
526 3402 704 3484 (insuave,
737 3403 805 3488 regi
834 3410 944 3466 nostro
968 3402 1226 3482 clementissime,
1248 3402 1392 3470 debitum

132 3504 323 3589 obsequium
355 3511 388 3568 et
409 3503 595 3570 fidelitatem
617 3506 776 3592 praestabo
799 3514 895 3590 atque
918 3512 955 3568 ut
976 3527 1086 3569 omnes
1109 3505 1277 3570 academia
1296 3510 1393 3594 juris-

131 3606 267 3672 dictioni
301 3607 436 3694 subjecti
469 3607 555 3673 idem
588 3618 751 3695 praestent,
784 3616 938 3695 quantum
965 3609 998 3672 in
1026 3630 1077 3671 me
1107 3608 1176 3688 erit,
1199 3609 1392 3678 authoritate

130 3709 261 3796 publica
295 3710 421 3777 curabo.
469 3711 603 3799 Insuper
635 3735 705 3796 quae
744 3711 785 3775 ad
808 3712 954 3792 salutem,
975 3711 1148 3775 utilitatem
1171 3721 1266 3798 atque
1288 3714 1393 3800 digni-

129 3821 231 3877 tatem
253 3813 348 3900 hujus
372 3812 549 3894 academioe,
572 3814 716 3900 inprimis
740 3837 818 3879 vero
841 3837 911 3901 quae
934 3813 974 3878 ad
993 3815 1113 3900 justam
1137 3818 1297 3881 commissi
1322 3841 1391 3883 mu-

129 3917 218 3981 neris
241 3915 549 3982 administrationem
564 3918 695 3998 facirmt,
710 3918 822 3983 sedulo
842 3926 875 3982 et
889 3917 1059 4002 diligenter
1074 3919 1260 4004 procurabo.
1288 3921 1390 3986 Porro

129 4019 234 4083 aciem
267 4020 440 4098 oculorum,
473 4031 625 4106 quantum
660 4024 693 4086 in
727 4044 777 4086 nrc
806 4028 864 4098 est,
893 4020 924 4084 in
954 4041 1063 4084 omnes
1091 4020 1186 4107 hujus
1209 4022 1391 4107 reipublicae

129 4121 280 4185 literariae
310 4132 417 4207 partes
444 4123 607 4188 intendam
636 4133 669 4188 et
695 4123 772 4209 quid
800 4131 886 4187 recte
918 4121 1058 4208 quidque
1090 4145 1182 4187 secus
1204 4130 1269 4186 tam
1293 4145 1312 4186 a
1333 4124 1391 4189 do-

130 4224 279 4289 centibus
308 4248 401 4310 quam
431 4224 627 4292 discentibus
650 4227 714 4308 fiat,
738 4249 803 4290 non
825 4235 949 4291 tautum
973 4228 1043 4310 ipse
1066 4225 1255 4305 observab0,
1278 4249 1391 4292 verum

129 4331 239 4407 etiarn,
266 4329 293 4393 si
316 4328 394 4415 quid
417 4337 473 4392 aut
494 4329 691 4414 negligenter
714 4339 769 4392 aut
790 4349 956 4415 perperam
979 4328 1099 4392 facturn
1121 4328 1227 4406 fuerit,
1250 4351 1391 4394 commu-

128 4433 246 4496 nicatis
269 4454 340 4495 eum
364 4440 547 4518 prorectore
571 4441 604 4496 et
626 4430 794 4496 academiae
810 4439 923 4495 senatu
938 4429 1077 4494 consiliis
1094 4430 1174 4494 etin
1189 4433 1390 4516 gravioribus

128 4557 203 4599 oum
237 4537 486 4622 procancellario
519 4559 614 4622 quam
650 4536 787 4621 primum
816 4531 985 4598 emendare
1013 4534 1162 4598 conabor.
1210 4534 1250 4599 In
1275 4535 1390 4622 dijudi-

129 4636 240 4703 candis
268 4639 381 4724 causis
410 4639 441 4706 in
474 4637 703 4708 distribuendis
730 4635 868 4726 praerniis
898 4643 953 4700 aut
980 4657 1085 4721 poena
1107 4638 1199 4704 alicui
1220 4639 1389 4735 irroganda
