3520 5616
554 523 637 583 1655
660 523 706 582 trs
730 525 970 584 loostitutioner.
1310 519 1351 582 33

135 709 274 771 stionem
303 707 441 793 aliquam
469 705 621 792 deinceps
650 718 809 793 proponet
835 707 996 772 facultatis
1019 706 1198 793 adjunctus,
1219 707 1252 770 in
1275 729 1339 791 qua
1360 706 1396 769 fit

135 809 309 894 promotio,
333 832 428 894 quam
450 832 555 874 novus
578 809 692 873 doctor
714 810 784 874 sive
807 810 959 895 magister
973 809 1124 875 resolvet.
1158 809 1301 876 Ultimus
1318 831 1396 874 vero

134 913 348 997 promotionis
371 923 477 978 actum
499 914 673 999 gratiarum
695 913 821 978 actione
843 911 1023 978 concludet.

222 1033 323 1103 IV:to
356 1035 432 1112 Qui
455 1044 631 1122 sumptus
654 1033 881 1099 candidatis
904 1033 1089 1099 faciendi.

226 1141 254 1203 1.
299 1137 517 1225 Philosophia
548 1138 738 1204 candidatus
771 1137 892 1202 decano
926 1137 1137 1223 quadraginta
1165 1136 1244 1202 duas
1274 1159 1395 1202 marcas

134 1243 332 1323 numerabit3
366 1265 406 1306 ex
439 1243 556 1330 quibus
590 1243 705 1328 singuli
737 1241 938 1329 professores
966 1242 1128 1306 facultatis
1157 1251 1223 1306 tres
1254 1243 1396 1326 capient:

134 1345 226 1430 quod
249 1346 407 1431 reliquum}
430 1355 490 1427 est,
511 1347 588 1411 fisco
610 1346 773 1410 facultatis
796 1345 961 1410 inferetur.
998 1345 1192 1410 Ceterarum
1208 1345 1395 1410 facultatum

134 1449 301 1514 candidati
322 1451 497 1535 nonaginta
511 1472 633 1516 marcas
649 1457 821 1535 exponent,
835 1471 968 1536 quarum
986 1449 1162 1515 octodecim
1181 1449 1297 1514 cedent
1311 1450 1397 1514 fisco.

225 1574 254 1636 2.
300 1571 507 1636 Promotione
539 1581 669 1657 peracta
701 1579 873 1658 promotor,
906 1580 963 1634 aut
988 1571 1068 1635 alius
1097 1571 1149 1635 vir
1176 1571 1351 1635 honoratus
1379 1593 1398 1634 a

136 1675 298 1760 promotis
327 1675 522 1740 constitutus
549 1675 678 1762 hospes,
704 1675 745 1739 ad
777 1674 904 1761 epulum
934 1674 1085 1740 invitabit
1113 1675 1343 1755 cancellarium,
1371 1675 1397 1738 si

137 1777 290 1859 adfuerit,
315 1779 606 1865 prooanoellarium,
633 1787 799 1858 rectorem,
827 1776 1037 1864 professores,
1061 1787 1251 1864 quaestorem
1275 1788 1308 1843 et
1330 1799 1399 1842 aca-

136 1880 252 1946 demiae
285 1884 501 1965 secretarium,
536 1893 633 1968 atque
662 1892 778 1968 prater
807 1883 866 1946 hos
894 1891 1052 1947 rectorem
1080 1883 1207 1960 seholae,
1230 1882 1398 1968 adjunctos

136 1985 326 2050 facudtatum
349 1996 382 2051 et
405 1987 547 2051 ecelesiae
569 1984 739 2071 oppidanae
760 1987 934 2050 ministros.
970 1985 1111 2070 Singulis
1127 2008 1254 2072 quoque
1272 2008 1311 2050 ex
1327 2007 1401 2072 pro-

139 2091 238 2154 motis
262 2113 361 2153 unum
384 2091 520 2155 invitare
543 2090 660 2170 licebit,
684 2112 720 2155 ea
742 2091 822 2175 lege,
845 2099 881 2153 ut
903 2112 962 2176 pro
985 2089 1039 2153 illo
1063 2111 1121 2154 sex
1142 2113 1264 2154 mareas
1280 2090 1400 2170 solvat;

138 2195 165 2258 si
191 2194 300 2278 plures
326 2195 492 2259 admiserit
515 2203 681 2281 promotor
704 2195 755 2260 vel
778 2194 906 2280 hospes,
921 2194 1134 2275 mulctabitur,
1149 2195 1232 2258 utin
1249 2195 1399 2260 convivio

136 2299 273 2361 rectoris
304 2297 469 2362 definitum
497 2307 556 2363 est.
602 2297 789 2384 Eademque
811 2320 916 2384 poena
937 2297 1102 2376 afficietur,
1126 2300 1153 2363 si
1176 2299 1323 2384 sequenti
1347 2298 1400 2362 die

139 2401 325 2466 convivium
350 2400 455 2466 denuo
478 2402 675 2467 instruxerit.
709 2401 749 2466 In
773 2401 992 2487 superioribus
1015 2401 1221 2468 facultatibus
1239 2403 1398 2487 integrum

139 2508 201 2570 erit
230 2505 408 2572 candidatis
436 2507 572 2593 singulis
602 2507 710 2593 plures
739 2506 850 2572 eadem
873 2507 943 2593 lege
966 2508 1104 2572 invitare
1127 2530 1167 2572 ex
1189 2509 1400 2593 permissione

141 2610 291 2696 hospitis.

228 2736 257 2796 3.
302 2730 457 2818 Sumptus
487 2731 697 2818 promotionis
730 2739 763 2796 et
789 2731 1011 2796 conviviorum
1039 2753 1151 2795 omnes
1183 2729 1402 2796 moderabitur

140 2835 282 2900 decanus
305 2857 375 2898 cum
399 2843 595 2925 promotore,
617 2844 653 2898 ut
675 2837 821 2922 impensa
842 2835 1053 2922 philosophia
1075 2833 1235 2900 candidati
1251 2835 1402 2899 universa

140 2959 298 3002 summam
327 2939 523 3003 thalerorum
551 2939 683 3025 triginta
709 2960 774 3003 non
804 2938 946 3004 excedat.
993 2939 1188 3004 Ooeterarum
1211 2939 1399 3004 facultatum

140 3053 272 3107 centum
294 3052 328 3107 et
350 3043 591 3128 quinquaginta,
613 3042 666 3108 vel
683 3044 710 3107 si
726 3043 813 3107 solus
830 3043 873 3107 sit
896 3042 1106 3108 ducentorum
1122 3043 1236 3128 viginti
1251 3043 1401 3128 quinque.

228 3169 257 3228 4.
303 3163 495 3243 Promotori,
529 3187 588 3250 pro
623 3186 721 3250 opera
754 3163 786 3228 in
819 3165 892 3250 ipso
921 3165 1132 3250 promotionis
1155 3174 1229 3228 actu
1252 3163 1404 3250 prestita,

140 3267 345 3332 honorarium
376 3267 588 3354 philosophia
610 3268 753 3353 magistri
776 3268 892 3354 singuli
917 3290 974 3331 sex
997 3267 1147 3342 thaleros,
1175 3267 1207 3330 in
1231 3265 1404 3353 superiori-

141 3373 203 3437 bus
226 3372 433 3437 facultatibus
456 3372 649 3458 conjunctim
674 3372 841 3458 sexaginta
863 3370 993 3435 dabunt.

232 3479 258 3540 5.
304 3476 478 3562 Nunquam
504 3476 598 3541 simul
621 3477 704 3541 ultra
726 3475 894 3540 duodecim
917 3475 949 3538 in
973 3498 1037 3539 una
1058 3475 1210 3540 facultate
1232 3498 1403 3563 promove-

142 3581 271 3646 buntur.
315 3580 412 3645 Fient
439 3589 547 3646 autem
579 3581 795 3666 promotiones
827 3604 890 3645 non
915 3581 1049 3666 singulis
1073 3581 1173 3662 annis,
1196 3581 1252 3647 sed
1276 3581 1402 3666 quoties

143 3685 372 3750 consistorium
395 3687 498 3771 majus
521 3706 654 3749 necesse
671 3683 874 3771 judicaverit.

232 3807 311 3874 Vao
347 3806 442 3884 Quae
466 3807 626 3893 praemia
646 3789 844 3890 graduum.

232 3909 360 3975 Gradus
385 3909 575 3995 dignitatem
598 3909 711 3974 tribuit
731 3919 764 3974 et
787 3917 981 3996 potestatem
998 3910 1124 3995 publice
1140 3908 1324 3996 disputandi
1340 3910 1406 3995 pri·

143 4015 310 4101 vatimque
333 4013 478 4091 docendi,
502 4035 639 4100 quorum
661 4026 768 4079 tamen
791 4023 941 4079 neutrum
963 4014 1047 4079 ullus
1071 4014 1132 4080 sibi
1155 4015 1223 4078 sine
1246 4035 1406 4078 consensu

144 4119 259 4184 decani
282 4127 315 4184 et
336 4118 497 4183 facultatis
520 4127 635 4183 sumet.

231 4240 331 4310 Vlao
365 4240 567 4305 Statutum
590 4239 808 4326 peculiare.

232 4348 260 4410 1.
304 4344 372 4422 Qui
402 4343 463 4408 8:ae
496 4344 565 4409 Rzae
598 4343 672 4408 Mzti
702 4353 816 4430 parent
844 4351 877 4407 et
905 4341 999 4429 hujus
1031 4341 1122 4427 regni
1143 4340 1301 4426 indigenae
1325 4351 1408 4421 sunt,

145 4449 304 4536 accipient
325 4446 460 4534 gradum
482 4447 515 4511 in
539 4447 628 4533 regni
650 4447 744 4533 hujus
768 4447 951 4512 academiis.
984 4446 1051 4523 Qui
1074 4465 1166 4510 secus
1188 4444 1280 4526 faxit,
1302 4446 1333 4510 in
1350 4445 1407 4510 do-

147 4553 240 4619 cendi
267 4574 399 4617 munere
428 4551 567 4638 publico,
589 4552 622 4616 in
644 4552 761 4617 scholis
785 4560 818 4616 et
840 4550 983 4617 ecclesiis
1007 4548 1176 4635 primariis,
1199 4551 1323 4614 caeteris
1347 4551 1408 4614 erit

146 4658 315 4743 posterior,
337 4664 370 4720 et
393 4655 550 4742 graduum
571 4657 747 4742 privilegiis
770 4655 801 4718 in
826 4655 887 4721 hoc
901 4653 1037 4740 imperio
1052 4653 1182 4718 carebit.
1217 4652 1258 4717 In
1274 4652 1407 4738 singulis

238 4781 286 4820 1655
300 4775 334 4820 dm
347 4775 520 4819 tonstttnticner.
1324 4780 1339 4827 ³
