3520 5616
559 536 641 595 1655
665 537 710 594 trs
734 535 971 594 louatitutiouer.
1312 531 1353 594 37

135 727 211 804 post
236 717 403 783 meridiem
432 742 449 783 a
473 717 614 784 secunda
636 718 668 782 in
691 718 835 804 quintam
857 717 1027 782 habebitur
1049 717 1236 804 disputatio,
1260 719 1398 784 maxime

133 820 161 885 si
183 820 228 886 ait
250 821 407 902 solennia;
435 831 601 909 opponent
627 831 734 888 autem
762 829 830 886 tum
854 819 1006 885 ordinarii
1031 829 1232 907 opponentes
1256 821 1297 886 ab
1319 822 1399 886 hora

134 925 278 988 secunda
304 927 336 988 in
365 925 503 1006 tertiam,
529 925 661 1011 reliquis
690 924 814 989 duabus
837 923 924 988 horis
946 924 1146 1009 professores
1169 925 1341 1005 facultatis,
1364 933 1397 989 et

133 1027 161 1092 si
183 1049 237 1092 res
260 1027 379 1107 tulerit,
401 1026 455 1092 alii
477 1027 573 1092 etiam
597 1050 637 1092 ex
661 1035 745 1092 coetu
767 1025 957 1091 academico.

223 1149 272 1212 10.
318 1145 353 1212 Si
375 1170 446 1233 quas
468 1147 571 1232 litigia
593 1155 649 1211 aut
670 1147 747 1210 rixae
766 1147 851 1212 inter
872 1145 1074 1232 disputantes
1097 1157 1175 1212 ortae
1196 1147 1325 1226 fuerint,
1341 1146 1397 1210 de-

133 1271 242 1330 cenne,
274 1251 462 1336 interposita
494 1249 698 1329 authoritate,
726 1248 854 1314 casdem
887 1249 1010 1334 placide
1034 1250 1250 1336 interpellabit
1273 1259 1306 1314 et
1328 1272 1398 1313 cor-

132 1352 231 1437 riget:
257 1352 343 1417 idem
358 1351 610 1438 disputationem
625 1351 803 1437 abrumpet,
823 1354 850 1416 si
866 1353 1069 1440 disputantes
1087 1352 1297 1417 constitutum
1314 1361 1395 1416 tem·

132 1477 195 1540 pus
219 1455 387 1520 excedant.

221 1579 272 1641 11.
318 1575 416 1655 Quod
444 1576 471 1640 si
500 1576 638 1639 decanus
667 1573 813 1654 abfuerit,
840 1585 897 1640 aut
928 1574 1015 1662 quod
1038 1575 1086 1640 sui
1112 1577 1251 1640 muueris
1276 1583 1326 1638 est
1347 1575 1395 1638 fa-

131 1701 204 1744 cere
234 1679 421 1764 neglexerit,
446 1686 552 1743 rector
579 1684 635 1741 aut
658 1677 752 1741 etiam
776 1679 807 1741 in
831 1677 984 1743 facultate
1007 1679 1123 1754 senior,
1146 1679 1198 1742 vel
1222 1681 1275 1765 qui
1300 1702 1319 1742 a
1340 1677 1393 1743 de·

131 1803 212 1845 cano
241 1781 435 1846 substitutus
465 1789 524 1860 est,
555 1780 759 1845 monentibus
782 1783 915 1861 caeteris,
938 1781 1049 1846 decani
1072 1791 1180 1866 partes
1203 1781 1314 1846 obibit.
1359 1781 1393 1845 si

132 1905 210 1948 vcro
238 1881 377 1947 decanus
407 1883 565 1947 nemiuem
595 1883 806 1962 substituerit,
833 1884 902 1970 ipse
932 1885 1151 1948 mulctabitur:
1181 1885 1284 1948 vicem
1315 1907 1393 1948 voro

131 1985 243 2052 decani
268 1986 473 2052 sustinebunt
494 1987 600 2051 caeteri
623 1986 822 2072 professores
845 1986 966 2051 ordine.
1001 1987 1067 2065 Qui
1091 1988 1193 2052 vicem
1216 1987 1301 2050 illam
1318 2009 1394 2072 sup-

130 2091 220 2175 plere
243 2089 449 2168 recusaverit,
472 2087 584 2154 ordine
598 2088 638 2154 ad
654 2113 688 2154 se
704 2089 867 2170 devoluto,
883 2089 987 2154 eidem
1006 2090 1131 2154 mulctae
1147 2088 1306 2154 obnoxius
1323 2089 1392 2153 erit.

218 2216 280 2276 420.
325 2209 384 2275 De
407 2209 757 2296 disputationibus
780 2211 960 2295 privatis.

220 2351 249 2417 1.
293 2349 432 2414 Privatae
461 2348 696 2434 disputationes
724 2357 760 2412 ut
788 2349 821 2412 in
844 2348 978 2434 singulis
1001 2347 1206 2413 facultatibus
1229 2349 1314 2427 fiant,
1337 2347 1393 2412 de-

129 2477 229 2517 canus
264 2451 457 2538 providebit.
492 2473 564 2514 cum
591 2449 675 2514 haud
704 2473 815 2536 parum
848 2452 974 2536 prosint
1002 2449 1208 2534 discentibus,
1233 2453 1392 2538 praecipue

70 2587 81 2606 ·
124 2555 319 2642 junioribus,
343 2555 574 2620 elementorum
602 2555 814 2618 universalem
844 2563 877 2620 et
899 2554 1029 2620 brevem
1052 2553 1266 2640 cognitionem
1289 2577 1389 2642 expe-

129 2658 283 2724 tentibus.

218 2782 246 2843 2.
292 2776 482 2862 Dirigeutur
503 2775 545 2840 ad
560 2775 743 2860 juventutis
764 2776 1032 2858 informationem,
1048 2775 1181 2861 nequid
1197 2787 1394 2863 proponatur

128 2878 218 2967 quod
247 2881 291 2944 sit
318 2902 401 2946 verae
428 2878 513 2961 fidei,
536 2878 654 2944 saniori
679 2879 831 2944 doctrinae
853 2888 909 2944 aut
931 2879 1023 2944 bonis
1047 2879 1187 2944 moribus
1211 2880 1393 2961 adversum,

128 2993 185 3049 aut
207 2982 295 3070 quod
317 2982 443 3069 publice
466 2981 618 3048 docentes
641 2982 816 3068 perturbet,
837 2990 893 3046 aut
914 2981 1002 3067 quod
1024 2983 1057 3046 iu
1082 2983 1148 3047 vita
1163 2983 1324 3046 communi
1340 2983 1392 3048 vel

128 3087 252 3152 nullum
276 3085 327 3150 vel
350 3085 500 3170 exiguum
523 3083 640 3148 habeat
661 3106 763 3148 usum.

218 3213 246 3274 3.
291 3205 451 3272 Brevibus
474 3204 668 3270 thematibus
691 3204 739 3269 hae
759 3203 993 3290 disputationes
1015 3205 1286 3290 consignabantur
1306 3228 1392 3269 com-

128 3310 438 3395 municabunturque
471 3306 680 3372 auditoribus.
730 3307 828 3386 Quod
862 3307 890 3371 si
923 3306 1065 3372 themata
1098 3316 1172 3372 ante
1201 3331 1219 3372 a
1247 3308 1390 3394 probatis

128 3413 340 3500 scriptoribus
363 3411 552 3476 concinnata
573 3410 634 3475 sibi
657 3431 782 3474 sumere
799 3409 901 3474 velint
915 3408 1113 3494 respondens
1130 3419 1162 3474 et
1178 3412 1246 3496 ejus
1262 3433 1391 3496 praeses,

127 3515 249 3581 facient
270 3514 304 3578 id
327 3514 483 3601 probante
506 3521 539 3578 et
561 3513 766 3600 permittente
787 3512 949 3576 facultatis
973 3511 1103 3576 decano.

216 3641 245 3702 4.
291 3635 430 3701 Privatae
463 3635 707 3720 disputationes,
740 3633 802 3698 nisi
836 3633 1064 3718 professorum,
1097 3655 1160 3696 non
1193 3635 1391 3700 excudentur

127 3739 226 3825 typis,
257 3761 297 3804 ne
326 3745 458 3824 sumptu
479 3737 583 3801 inutili
604 3744 778 3823 graventur
800 3736 973 3816 auditores,
995 3759 1053 3800 nec
1075 3735 1312 3822 intempestivis
1335 3738 1385 3802 de·

127 3839 342 3906 dicatiouibus
366 3850 538 3906 onerentur
558 3840 713 3920 homines,
735 3841 851 3926 quibus
875 3839 1025 3904 authores
1048 3847 1124 3902 sunt
1146 3839 1255 3924 ignoti.
1290 3841 1388 3919 Quod

126 3943 155 4008 si
179 3943 251 4030 quis
275 3944 468 4030 parentibus,
491 3943 661 4024 tutoribus
683 3943 871 4029 propinquis
887 3951 942 4007 aut
959 3942 1111 4028 patronis,
1129 3943 1277 4028 aquibus
1294 3944 1391 4008 benc-

126 4045 201 4109 ficia
227 4047 358 4132 accepit,
389 4068 578 4134 progressus
602 4067 677 4111 suos
701 4045 861 4110 declarare
885 4046 973 4125 velit,
994 4045 1092 4110 faciet
1113 4044 1147 4108 id
1170 4044 1388 4131 disputatione

128 4148 267 4233 publica,
295 4149 327 4213 in
357 4173 420 4236 qua
449 4151 544 4214 etiam
571 4159 699 4214 cautum
727 4150 778 4230 sit,
805 4170 846 4213 ne
873 4148 1019 4235 pluribus
1051 4170 1114 4214 una
1136 4148 1312 4234 disputatio
1336 4153 1390 4216 vel

127 4250 215 4315 aliud
245 4253 374 4339 aliquod
402 4254 588 4318 exercitium
611 4253 742 4318 variatis
765 4251 867 4316 titulis
892 4251 1068 4331 dedicetur,
1091 4250 1151 4315 sub
1172 4272 1277 4337 poena
1298 4253 1388 4338 gravi

127 4377 146 4420 a
166 4355 317 4420 facultate
340 4356 590 4422 determinanda.

215 4481 243 4542 5.
291 4476 361 4542 Has
389 4499 516 4567 quoque
539 4475 772 4570 disputationes
796 4474 889 4544 dccet
912 4473 1077 4558 modestia,
1099 4473 1219 4542 candor
1241 4482 1275 4542 st
1296 4497 1387 4541 vere·

129 4581 254 4651 cundia.
