3564 5624
425 527 464 600 12
800 529 882 597 1665
906 534 951 596 irs
975 527 1212 596 koustitutioner.

468 725 517 786 14.
562 719 654 786 Idem
682 727 874 807 quaestorem
902 728 936 786 st
961 721 1159 806 inspectores
1182 719 1284 785 erarii
1307 741 1421 784 severe
1444 717 1581 803 urgebit,
1604 725 1641 782 ut

380 835 492 892 exacto
525 824 670 912 quolibet
702 847 785 890 anno
819 825 959 890 rationes
986 823 1146 889 redituum
1176 833 1209 888 et
1232 845 1446 910 expensorum
1469 820 1640 886 academiae

380 935 449 998 sine
476 929 741 1016 tergiversatione
769 929 915 994 reddant
958 928 1056 1007 Quod
1079 929 1109 994 si
1129 928 1180 992 hic
1202 939 1308 993 rector
1329 928 1468 992 officinm
1491 928 1641 1011 neglexe-

379 1037 430 1116 rit,
453 1059 472 1100 a
494 1034 684 1099 consistorio
706 1034 818 1119 majori
842 1034 984 1119 graviter
1005 1031 1229 1098 admonebitur
1250 1041 1292 1114 et,
1307 1033 1334 1096 si
1351 1029 1559 1096 admonitioni
1575 1049 1640 1092 non

380 1140 532 1228 paruerit,
555 1137 690 1204 eandem
711 1160 848 1224 poenam
870 1160 940 1202 eum
964 1138 1004 1202 iis
1027 1138 1177 1202 incurret.

467 1247 517 1310 15.
562 1242 723 1329 Deposito
746 1251 915 1320 rectoratu,
938 1242 999 1306 nisi
1016 1243 1155 1306 rationes
1171 1242 1358 1306 muletarum
1377 1251 1410 1306 et
1427 1237 1641 1306 administrati

381 1349 477 1413 officii
499 1369 536 1412 ac
557 1369 662 1411 rerum
685 1369 749 1411 non
771 1346 991 1433 expeditarum
1015 1345 1193 1432 catalogum
1206 1347 1385 1410 successori
1402 1354 1435 1410 et
1449 1342 1641 1409 consistorio

380 1451 557 1518 reddiderit
583 1451 813 1538 pecuniamque
842 1449 983 1515 debitam
1011 1451 1087 1516 fisco
1118 1453 1203 1516 intra
1225 1450 1386 1515 trimestre
1408 1449 1562 1528 intulerit,
1583 1429 1641 1510 trr’-

380 1556 470 1642 ginta
489 1579 665 1620 marcarum
688 1556 807 1622 mulcta
819 1556 979 1642 plectetur
993 1562 1026 1620 et
1040 1555 1140 1620 nihilo
1156 1557 1259 1620 minus
1274 1553 1437 1640 praedictis
1455 1553 1639 1618 satisfaciet.

703 1749 735 1814 4.
778 1744 836 1809 De
862 1743 1098 1831 privilegiis
1130 1745 1311 1810 rectoris.

470 1887 497 1950 1.
543 1883 663 1949 Rector
690 1894 765 1971 post
792 1884 1073 1971 procancellarium
1096 1884 1257 1964 incedens,
1277 1885 1309 1948 in
1332 1883 1566 1949 solennioribus
1590 1905 1642 1947 ac-

382 1989 467 2056 tibus
490 1997 523 2054 et
545 1989 749 2076 processibus
772 1988 972 2068 academicis,
995 1998 1126 2054 ornatus
1151 1989 1269 2054 usitata
1285 1998 1361 2073 toga
1376 1998 1408 2053 et
1423 1988 1641 2075 praeeuntibus

382 2117 453 2158 cum
477 2093 637 2180 argenteis
660 2094 796 2179 sceptris
819 2094 987 2158 academias
1009 2093 1136 2158 famulis
1160 2093 1344 2158 deducetur.

468 2202 497 2262 2.
542 2196 660 2274 Quoad
683 2219 808 2284 corpus,
829 2197 957 2274 famam,
980 2197 1109 2262 domum
1132 2206 1166 2263 et
1188 2198 1272 2262 bona
1292 2219 1444 2284 possessa
1461 2215 1644 2260 sacrosanc-

380 2313 433 2366 tus
456 2302 519 2366 erit
540 2310 573 2365 et
595 2303 798 2382 inviolabilia,
819 2311 885 2398 tam
908 2301 948 2367 ab
970 2301 1020 2382 iis,
1042 2303 1097 2388 qui
1119 2301 1307 2367 academicae
1325 2300 1543 2388 jurisdictioni
1566 2298 1643 2364 sub·

376 2407 465 2493 jecti,
498 2427 592 2491 quam
624 2406 664 2471 ab
691 2407 771 2484 aliis,
803 2408 858 2492 qui
886 2415 977 2470 extra
1004 2429 1074 2470 eam
1103 2415 1187 2471 sunt.
1238 2406 1304 2484 Qui
1333 2428 1441 2470 eorum
1469 2402 1643 2490 quidquam

382 2510 584 2590 commiserit,
613 2510 666 2574 vel
693 2511 912 2596 amputatione
943 2532 1055 2574 manus
1078 2511 1131 2576 vel
1153 2512 1215 2576 alia
1237 2511 1343 2597 aliqua
1364 2532 1470 2596 picena
1491 2529 1550 2595 pro
1572 2527 1645 2590 gra-

382 2615 484 2679 vitate
507 2612 616 2678 delicti
638 2612 805 2698 plectetur.

469 2723 497 2783 3.
544 2717 662 2782 Claves
685 2718 817 2802 archivi,
838 2720 906 2784 fisci
930 2727 963 2784 et
984 2720 1127 2802 carceris,
1150 2722 1227 2785 item
1251 2721 1388 2806 sigillum
1411 2719 1443 2783 in
1468 2739 1527 2782 sua
1549 2724 1643 2803 pote·

384 2830 467 2886 state
490 2820 629 2886 habebit.

468 2928 497 2989 4.
544 2923 705 2989 Studiosis
735 2925 982 3011 digladiantibus
1006 2928 1057 2993 vel
1080 2927 1157 2992 alias
1180 2927 1319 3013 gladium
1343 2937 1462 2992 temere
1485 2926 1645 3010 stringen-

384 3029 470 3094 tibus
505 3051 576 3093 eum
611 3027 708 3093 adimi
736 3031 875 3096 curabit:
903 3032 1029 3096 mulctae
1052 3030 1218 3096 dimidium
1242 3032 1303 3097 sibi
1325 3029 1477 3096 retinebit
1498 3051 1570 3094 cum
1595 3053 1644 3108 ea,

382 3155 452 3218 quae
475 3153 534 3218 pro
559 3133 722 3197 nominum
747 3134 955 3222 inscriptione
978 3134 1081 3216 datur,
1102 3137 1246 3222 pecunia.

470 3240 498 3300 5.
540 3236 674 3302 Publieo
697 3248 828 3325 sumptu
851 3240 978 3326 publica
999 3241 1128 3326 negotia
1150 3241 1228 3305 foris
1250 3240 1410 3305 tractabit.

467 3343 497 3408 6.
540 3341 605 3407 Per
632 3343 794 3408 octiduum
823 3345 902 3411 urbe
929 3345 1041 3410 abesse
1070 3347 1132 3432 ipsi
1161 3346 1278 3424 licebit,
1301 3345 1332 3408 in
1355 3344 1528 3430 majoribus
1551 3343 1644 3407 feriis

382 3443 452 3508 dies
476 3443 666 3530 quindecim,
693 3448 868 3512 constituto
891 3450 1013 3514 interea
1035 3459 1227 3536 prorectore,
1249 3449 1305 3534 qui
1327 3447 1486 3513 ordinarie
1508 3449 1644 3512 rectoris

384 3547 415 3610 in
437 3556 597 3612 rectoratu
619 3551 783 3636 proximus
807 3559 991 3616 antecessor
1013 3563 1091 3618 erat.

470 3653 497 3716 7.
543 3651 597 3715 Ad
620 3652 773 3718 lectiones
803 3663 836 3720 et
857 3653 1093 3741 disputationes
1116 3656 1220 3720 minus
1244 3677 1340 3739 quam
1363 3654 1482 3718 coeteri
1505 3653 1645 3718 adstric-

382 3762 434 3818 tus
458 3754 527 3818 erit.

917 3965 1023 4050 Gap.
1052 3965 1108 4036 V.

880 4120 931 4186 De
949 4127 1142 4206 promotore.

470 4308 498 4371 1.
541 4304 681 4384 Quando
703 4307 835 4372 illustris
858 4331 996 4395 persona
1017 4319 1122 4376 rector
1144 4311 1281 4398 eligitur,
1303 4333 1430 4397 semper
1452 4311 1482 4376 ei
1505 4334 1546 4377 ex
1565 4333 1644 4378 con-

383 4408 512 4473 sistorio
540 4409 567 4472 is
596 4408 787 4496 adjungetur
813 4420 987 4497 prorector,
1009 4413 1050 4478 ad
1073 4437 1168 4502 quem
1192 4415 1270 4481 alias
1293 4414 1414 4480 ordinis
1437 4415 1560 4480 ratione
1584 4415 1643 4482 de-

383 4511 564 4578 volvendus
587 4520 674 4578 esset
695 4522 882 4578 rectoratus.
927 4517 1037 4601 Atque
1059 4515 1111 4580 hic
1132 4527 1298 4603 prorector
1320 4517 1415 4582 simul
1429 4507 1500 4582 curn
1517 4527 1643 4585 rectore

383 4616 604 4680 constituetur.
648 4615 794 4702 Eligetur
822 4627 927 4682 autem
953 4641 991 4683 ex
1015 4618 1129 4684 illustri
1152 4619 1274 4686 familia
1296 4631 1402 4687 rector
1424 4621 1507 4702 talis,
1529 4624 1583 4708 qui
1609 4633 1644 4690 et
