3564 5624
570 514 651 574 1655
676 514 722 574 irs
746 515 983 575 korrstitutioner.

677 750 783 835 Cap.
815 753 874 815 Π.

238 905 288 971 De
309 909 501 974 cancellario
523 908 697 974 moderata
719 907 853 992 qusque
867 908 947 992 jure
969 914 1000 973 ct
1021 909 1142 993 officie,
1163 916 1203 975 ut
1225 917 1255 976 ct
1276 912 1314 976 dc

634 1029 901 1115 proccnccllcm'o.

233 1218 260 1280 1.
306 1216 539 1284 Cancellarium
566 1225 696 1284 senatus
726 1216 925 1284 academicus
954 1218 1098 1284 nominet
1125 1227 1220 1306 atque
1253 1220 1315 1286 Szae
1337 1222 1406 1288 Rue

142 1317 221 1384 Mzti
251 1319 347 1386 sistat
373 1321 479 1401 talem,
507 1323 563 1409 qui
590 1323 642 1402 sit,
671 1321 847 1386 secundum
875 1321 1054 1408 privilegia,
1081 1321 1131 1386 vir
1153 1322 1239 1407 pius,
1261 1323 1407 1406 idoneus,

143 1422 339 1488 authoritate
361 1424 527 1511 praeditus,
559 1424 729 1490 academiae
752 1446 861 1490 amans
883 1446 1053 1509 rerumque
1076 1423 1330 1492 academicarum
1353 1452 1410 1516 pe-

142 1525 234 1606 ritus,
257 1525 445 1592 orthodoxa
467 1528 625 1614 religioni,
648 1530 679 1592 in
703 1525 1129 1606 verboDn1,confessicne
1152 1531 1344 1615 Augustana
1362 1536 1410 1598 in·

141 1629 268 1692 variata
289 1637 323 1694 et
344 1631 479 1696 concilio
503 1630 690 1716 Upsaliensi
714 1629 962 1717 comprehensae,
987 1631 1110 1698 sincere
1133 1631 1291 1700 addictus

229 1735 257 1796 2.
303 1732 412 1817 Hujus
436 1734 615 1799 cancellarii
627 1737 682 1820 jus
699 1743 732 1800 et
747 1735 889 1800 officium
904 1734 937 1798 in
953 1733 1004 1797 his
1017 1734 1222 1819 potissimum
1238 1739 1393 1806 consistat
1400 1765 1409 1821 3

144 1836 172 1898 1,
197 1834 346 1910 Videbit,
365 1857 410 1900 ne
434 1835 598 1902 academia
619 1837 824 1924 Upsaliensis
847 1836 925 1924 quid
948 1835 1133 1902 detrimenti
1155 1838 1270 1924 capiat,
1293 1841 1351 1906 sed
1373 1853 1410 1908 ut

144 1940 214 2026 ejus
233 1941 309 2026 jura
331 1947 418 2004 sarta
439 1948 587 2027 tectaque
611 1951 843 2008 conserventur
864 1939 1040 2026 seduloque
1055 1939 1226 2006 academiae
1242 1946 1410 2012 commoda

143 2051 176 2108 et
199 2043 393 2108 incrementa
414 2052 674 2129 promoveantur.
711 2049 739 2110 2.
766 2044 928 2113 Visitabit
942 2041 1137 2110 academiam
1152 2045 1408 2134 quotiescunque

141 2167 194 2208 res
218 2154 251 2209 et
272 2146 447 2212 necessitas
471 2146 694 2234 postulaverit,
717 2148 758 2213 ad
780 2148 946 2214 minimum
970 2145 1070 2210 semel
1092 2147 1123 2210 in
1147 2169 1241 2228 anno,
1259 2158 1294 2214 ut
1307 2150 1409 2238 inspi-

142 2249 208 2312 ciat
235 2247 419 2314 docentium
449 2263 482 2315 et
509 2249 701 2316 discentium
727 2251 863 2332 labores,
893 2248 1054 2334 catalogos
1087 2250 1327 2335 praelectionum
1348 2277 1407 2320 nec

142 2373 208 2416 non
242 2351 496 2439 disputationum
529 2355 727 2440 publicarum
762 2355 824 2420 sibi
858 2352 1002 2420 exbiberi
1031 2359 1122 2418 curet
1148 2361 1181 2417 et
1209 2353 1250 2419 de
1279 2356 1404 2424 illarum

143 2454 250 2519 fructu
280 2477 318 2520 ac
346 2457 486 2523 utilitate
512 2480 576 2523 una
603 2480 675 2522 cum
696 2466 811 2523 senatu
833 2455 1014 2521 academico
1031 2453 1165 2541 judicet,
1187 2457 1312 2545 aliaque
1334 2485 1405 2548 qua

143 2558 308 2644 pertinent
333 2558 374 2624 ad
403 2560 539 2625 salutern
567 2569 601 2626 et
626 2561 903 2626 conservationem
932 2556 1104 2623 academici
1133 2567 1236 2626 status
1259 2575 1406 2630 accurate

143 2670 324 2746 cognoscat.
370 2662 405 2728 si
436 2685 517 2750 quos
550 2665 749 2750 negligentes
781 2672 814 2729 et
841 2664 945 2728 minus
975 2669 1068 2748 aptos
1099 2661 1204 2727 cilicio
1228 2663 1407 2752 depreben-

143 2762 237 2844 derit,
260 2786 315 2829 eos
338 2765 524 2832 admonebit
545 2768 597 2834 vel
620 2767 771 2854 privatim
795 2767 856 2846 vel,
879 2766 905 2831 si
929 2786 1010 2852 opus
1035 2763 1140 2840 fuerit,
1157 2764 1187 2830 in
1207 2770 1407 2838 consistorio.

144 2867 213 2946 Qui
243 2889 315 2932 sese
342 2891 408 2933 non
436 2869 663 2949 emendaverit,
692 2868 865 2934 seeundum
898 2888 1084 2954 processum
1115 2867 1147 2931 in
1172 2870 1350 2959 privilegiis
1374 2886 1407 2941 et

144 2970 227 3034 infra
255 2993 323 3057 cap.
353 2972 372 3036 8
396 2971 598 3059 descriptum
620 2973 848 3038 removebitur.
893 2974 922 3035 3.
953 2968 1119 3035 Concedet
1141 2973 1338 3059 singularum
1359 2978 1407 3044 fa-

143 3075 300 3138 cultatum
322 3072 460 3158 decanis,
483 3073 544 3139 hoc
565 3097 624 3161 per
645 3074 754 3141 literas
778 3075 972 3162 petentibus,
995 3074 1155 3139 licentiam
1179 3079 1307 3143 creandi
1330 3079 1406 3146 doc-

144 3186 232 3242 tores
265 3185 298 3240 et
323 3177 493 3263 magistros
522 3186 628 3264 atque,
655 3178 683 3242 ai
710 3178 802 3258 absit,
825 3188 901 3242 tunc
924 3185 997 3242 s‘uas
1021 3177 1109 3243 vices
1131 3179 1165 3243 iu
1183 3189 1255 3244 actu
1278 3206 1405 3270 promo-

142 3279 242 3344 tionis
280 3277 477 3365 peragendas
517 3280 764 3366 procancellario
797 3279 1041 3346 commendabit.
1097 3281 1196 3358 Quod
1229 3284 1257 3349 si
1288 3297 1406 3372 praeter
1432 3275 1435 3282 ¹

143 3383 276 3448 modum
303 3383 478 3447 crebriores
506 3383 582 3446 fiant
607 3384 838 3470 promotiones,
871 3381 910 3448 de
942 3383 982 3448 iis
1000 3382 1159 3469 judicabit
1182 3394 1224 3470 et,
1247 3387 1275 3451 si
1297 3390 1404 3456 visum

142 3485 251 3563 fuerit,
273 3484 438 3549 inhibebit.
481 3485 565 3549 Item
595 3484 634 3549 de
657 3493 825 3572 quaestore,
847 3485 1016 3551 academia
1038 3487 1204 3568 reditibus
1226 3511 1335 3556 eorum
1358 3493 1406 3559 di·
1491 3517 1495 3524 ·

143 3587 337 3652 stributione
370 3597 403 3652 et
436 3589 586 3674 expensis
620 3585 785 3654 decernet:
820 3588 860 3654 de
894 3589 1020 3670 aeraria,
1053 3589 1223 3657 academiae
1255 3593 1405 3680 aedificiis,

142 3689 339 3756 bibliotheca
372 3711 409 3753 ac
442 3688 655 3776 typographia
687 3689 801 3756 sedulo
834 3699 1007 3778 cognoscet
1043 3694 1112 3780 ipse
1142 3696 1194 3761 vel
1222 3719 1279 3783 per
1308 3701 1403 3768 alium

143 3793 338 3880 delegatum,
361 3801 493 3879 actaque
519 3793 710 3874 consistorii,
732 3817 803 3858 curn
828 3817 908 3882 opus
931 3794 1038 3877 fuerit,
1060 3797 1217 3885 inspiciet,
1232 3810 1269 3865 ut
1286 3826 1404 3888 eorum,

143 3920 217 3983 quac
244 3897 276 3960 in
304 3898 494 3962 consistorio
521 3904 659 3981 aguntur
687 3907 720 3962 et
747 3905 932 3979 tractantur,
959 3906 1078 3963 certam
1106 3902 1254 3968 notitiam
1277 3904 1402 3974 habeat.

142 4005 175 4068 4.
210 3999 354 4066 Habebit
381 4007 575 4087 potestatem
603 4000 779 4065 sententias
807 4009 971 4066 erectore
995 4008 1028 4066 et
1050 4003 1240 4070 consistorio
1262 4008 1352 4092 latas,
1376 4014 1403 4077 si

142 4125 226 4189 opus
259 4103 366 4184 fuerit,
399 4101 605 4168 confirmandi
638 4113 694 4167 aut
721 4103 827 4184 etiam,
857 4105 1089 4170 communicata
1117 4129 1152 4171 re
1184 4130 1256 4174 cum
1279 4123 1403 4196 senatu,

142 4205 332 4272 moderandi
365 4205 418 4270 vel
444 4205 487 4270 ad
517 4206 701 4272 ulteriorem
731 4207 987 4294 disquisitionem
1015 4210 1197 4291 revocandi,
1230 4212 1259 4276 si
1286 4214 1401 4302 iniqua

142 4307 325 4373 videantur.
371 4311 399 4372 5.
432 4309 523 4373 Lites
554 4332 594 4373 ex
622 4311 851 4396 provocatione
879 4310 919 4376 ad
951 4334 986 4376 se
1008 4313 1159 4398 prolatas,
1182 4337 1253 4379 cum
1276 4315 1402 4386 duobus

144 4411 262 4476 vicinis
293 4411 453 4498 episcopis
481 4413 622 4498 itemque
650 4411 775 4476 duobus
804 4435 844 4476 ex
867 4435 1017 4500 supremo
1041 4415 1165 4501 judicio
1187 4417 1256 4483 Rae
1278 4420 1402 4508 Maj:tis

142 4512 215 4577 sive
238 4537 278 4578 ex
301 4514 370 4579 aliis
393 4515 551 4600 primariis
573 4516 663 4600 regni
686 4515 837 4601 collegiis,
865 4538 945 4602 quos
968 4516 1095 4582 indultu
1117 4520 1239 4608 Majztis
1262 4523 1324 4588 sibi
1346 4525 1402 4590 ad-

138 4617 285 4702 junxerit
307 4623 332 4702 (2
349 4619 404 4704 qui
427 4619 530 4684 vocati
552 4618 672 4706 absque
694 4619 960 4705 tergiversatione
982 4621 1035 4691 vel
1061 4620 1204 4718 Upsaliae
1220 4625 1271 4695 vel
1288 4626 1402 4697 Stock·
