3564 5624
422 537 460 602 16
801 543 883 602 1655
907 542 953 602 brs
977 541 1214 602 konatituticner.

462 729 488 790 7.
533 725 609 790 Non
637 733 744 792 autem
771 726 803 792 id
833 727 896 808 fiet,
924 727 987 792 nisi
1010 732 1113 792 status
1135 725 1305 792 academiae
1327 727 1361 792 in
1383 725 1555 794 discrimen
1580 749 1643 794 vo-

374 842 472 910 cetur,
495 839 551 896 aut
572 839 678 896 rector
699 831 739 896 ab
761 831 869 916 aliquo
891 830 986 896 laesus
1009 830 1116 914 fuerit,
1139 839 1194 896 aut
1217 830 1278 896 alia
1298 831 1490 917 gravissima
1505 839 1643 898 contro·

373 935 480 1000 versia
502 943 666 1012 tractetur,
689 956 753 1020 qua
774 933 900 997 concuti
923 934 1028 1019 possit
1052 933 1223 999 academia.

458 1043 487 1104 8.
533 1039 604 1103 Neo
627 1038 666 1103 ab
689 1038 749 1102 hoo
766 1036 889 1123 judicio
912 1038 1116 1124 permittetur
1137 1059 1322 1125 provocare,
1345 1036 1403 1102 sed
1425 1039 1641 1126 supplicatio-

372 1141 465 1206 nibus
489 1141 576 1228 apud
599 1141 666 1206 Szm
687 1142 760 1206 er
782 1140 898 1206 Mztem
920 1163 971 1206 res
995 1149 1116 1228 agetur.

459 1250 486 1311 9.
529 1245 645 1331 Neque
661 1245 771 1310 licebit
787 1246 912 1310 seuatui
929 1243 1110 1311 academico
1129 1243 1530 1330 alienarnjurisdictionem
1541 1267 1639 1310 usur-

371 1371 465 1434 pare;
489 1350 697 1435 occupabitur
718 1371 796 1414 vero
819 1349 851 1414 iu
874 1349 970 1415 rebus
993 1369 1148 1437 personas
1171 1356 1205 1414 et
1225 1356 1345 1414 statum
1367 1346 1537 1415 academiae
1558 1371 1638 1415 con-

372 1451 586 1518 cernentibus.

862 1815 967 1898 Cap.
997 1816 1132 1884 VIII.

393 1992 441 2056 Dc
465 1993 613 2056 electione
632 1993 867 2076 professorum
892 1989 1062 2056 elector-arn
1085 1993 1344 2076 confirmatione,
1365 1992 1609 2058 introductione

715 2099 953 2180 eorundem-quc
975 2097 1086 2180 efficto
1108 2098 1147 2160 irc
1166 2118 1289 2180 peracre.

458 2290 485 2352 1.
532 2287 738 2351 Professione
762 2293 904 2362 vacante,
926 2286 1086 2350 facultatis
1111 2286 1259 2370 decenne,
1275 2288 1335 2352 sub
1350 2288 1443 2352 finem
1460 2287 1635 2352 trimestris

370 2393 470 2477 spacii
499 2392 539 2456 ab
563 2391 653 2456 obitu
676 2390 869 2477 professoris
893 2390 1061 2471 demortui,
1083 2414 1194 2456 omues
1216 2393 1408 2457 convocabit
1430 2393 1567 2478 collegas
1590 2392 1634 2458 ad

368 2495 597 2561 nominandum
632 2496 736 2560 alium.
783 2489 910 2559 Intcr'ca
943 2496 1079 2581 quisquc
1113 2518 1220 2560 secum
1252 2496 1402 2582 dispiciat
1429 2495 1470 2561 de
1500 2498 1569 2561 viro
1601 2499 1632 2561 ei

369 2601 562 2688 professioni
596 2599 723 2664 idonee.
769 2597 934 2676 Quamdiu
967 2598 1061 2663 durat
1094 2623 1194 2664 annus
1226 2601 1335 2686 gratiae
1369 2623 1427 2686 pro
1456 2599 1553 2664 vidua
1575 2601 1632 2665 de·

369 2706 480 2784 functi,
503 2704 665 2769 docebunt
687 2706 755 2790 ejus
779 2703 849 2767 loco
872 2703 1039 2788 pervices
1062 2704 1262 2790 professores
1286 2703 1428 2791 ejusdem
1452 2704 1632 2786 facultatis3

368 2810 421 2875 vel
449 2810 476 2873 si
503 2811 549 2873 ita
575 2807 718 2873 facultati
746 2808 850 2871 visum
878 2808 984 2888 fuerit,
1014 2807 1182 2894 adjunctus
1211 2808 1326 2896 aliquis
1356 2808 1398 2872 ad
1428 2808 1462 2873 id
1485 2810 1633 2891 idoneus,

368 2913 465 2998 idque
487 2913 602 2998 gratis:
625 2913 809 2977 fetantem
832 2911 1068 2997 praelectionum
1092 2913 1228 2993 initium,
1251 2913 1370 2978 exactis
1394 2913 1519 2979 duobus
1540 2937 1633 2979 men-

369 3019 457 3082 sibus
486 3027 561 3103 post
583 3017 706 3081 obitum
730 3015 882 3080 ordinarii
905 3016 1107 3102 professoris.
1154 3017 1188 3083 Si
1212 3019 1284 3103 quis
1308 3040 1384 3083 vero
1409 3019 1631 3104 professorum

368 3121 407 3186 ad
432 3122 628 3186 functionem
651 3120 789 3206 aliquam
813 3143 852 3184 ex
875 3119 1037 3185 academia
1059 3118 1120 3186 alio
1143 3131 1276 3186 vocatus
1298 3123 1404 3203 fuerit,
1422 3122 1535 3187 electio
1550 3124 1631 3188 novi

369 3227 561 3312 professoris
594 3227 678 3289 intra
711 3233 910 3289 menstruum
942 3225 1084 3310 spacium
1112 3235 1188 3312 post·
1214 3227 1460 3312 resignationem
1485 3235 1633 3292 anteces-

368 3331 451 3394 soris
475 3331 669 3394 instituetur.

454 3439 483 3498 2.
528 3433 595 3499 Ubi
632 3442 738 3498 autem
770 3433 931 3497 facultatis
962 3433 1164 3519 professores
1198 3435 1406 3498 convenerint
1437 3434 1477 3498 ad
1507 3458 1630 3500 novum

366 3537 583 3624 professorem
617 3536 807 3622 eligendum,
841 3535 981 3601 decanus
1015 3536 1159 3602 monebit
1192 3538 1341 3622 collegas,
1374 3547 1409 3601 ut·
1434 3538 1572 3604 fideliter
1596 3541 1631 3603 in

366 3663 433 3706 rem
457 3642 634 3721 consulant,
658 3641 793 3726 quisque
812 3663 871 3726 pro
888 3663 926 3704 ea
939 3638 1002 3705 fide
1018 3663 1113 3726 quam
1129 3641 1273 3705 facultati
1290 3650 1323 3706 et
1338 3641 1506 3706 academiae
1519 3641 1629 3709 debet.

453 3749 480 3810 3.
526 3745 575 3810 Re
602 3745 684 3809 bene
707 3743 893 3828 deliberata,
917 3744 1057 3808 decanus
1081 3747 1211 3809 nomina
1233 3767 1352 3827 eorum,
1374 3748 1428 3831 qui
1452 3769 1471 3810 a
1492 3746 1630 3833 collegio

370 3849 530 3936 designati
554 3858 638 3928 sunt,
661 3847 701 3912 ad
724 3859 880 3914 rectorem
903 3849 1030 3914 referet.

453 3959 481 4018 4.
529 3953 651 4017 Rector
672 3952 789 4017 deinde
812 3975 876 4017 true
898 3975 968 4016 cum
993 3953 1240 4039 procanccllario
1256 3955 1289 4017 in
1304 3955 1495 4018 consistorio
1513 3956 1629 4041 majori

366 4057 610 4143 diligentissime
638 4057 784 4122 omnibus
814 4057 1058 4120 circumstantiis
1088 4059 1285 4136 examinatis,
1312 4056 1452 4138 definiet,
1474 4059 1546 4144 quis
1569 4069 1627 4123 aut

365 4171 438 4226 uter
460 4184 579 4242 eorum,
602 4162 657 4247 qui
679 4185 698 4225 a
723 4161 852 4226 decanis
875 4160 1029 4224 nominati
1054 4171 1136 4238 sunt,
1160 4163 1202 4226 sit
1224 4163 1420 4248 aptissimus
1443 4172 1480 4227 ut
1501 4163 1630 4250 professs

364 4268 447 4331 sioni
470 4267 667 4352 praeficiatur,
689 4289 728 4330 an
751 4287 828 4330 vero
851 4266 930 4330 alius
954 4267 997 4330 sit
1019 4265 1234 4352 praeferendus
1258 4275 1314 4330 aut
1336 4266 1512 4332 addendus.

453 4375 480 4434 5.
525 4370 701 4435 Habebunt
724 4378 828 4433 autem
852 4369 884 4432 hi
908 4372 1062 4434 electores
1085 4371 1203 4456 ubique
1226 4371 1380 4435 rationem
1405 4373 1539 4457 publicae
1564 4374 1626 4438 uti-

364 4474 473 4553 litatis,
503 4496 565 4537 non
589 4473 708 4558 gratia,
731 4495 794 4536 non
818 4473 1076 4557 propinquitatis,
1098 4497 1161 4538 non
1186 4475 1360 4551 affinitate,
1383 4498 1445 4538 non
1470 4476 1629 4556 amicitiae,

365 4601 427 4646 nou
452 4577 546 4644 ullius
569 4577 686 4668 privati
709 4573 882 4658 commodi3
907 4575 963 4639 sed
982 4575 1032 4639 lex
1050 4598 1172 4643 summa
1188 4579 1250 4642 illis
1267 4577 1328 4646 erit
1344 4577 1429 4646 salus
1446 4579 1625 4648 academiae.
