3520 5616
585 541 668 601 16⁵5
690 542 736 600 trs
761 540 997 600 kouatitutiouer.
1321 535 1360 600 31

227 727 258 789 4.
303 725 423 791 literis
456 724 497 790 ad
532 724 812 812 procancellarium
844 723 1034 810 impetratis,
1067 731 1232 810 promotor
1258 723 1407 789 instituet

145 829 381 915 promotionem
404 829 465 894 hoc
487 830 593 894 modo.
641 831 667 893 1.
694 827 825 893 Sclenui
848 835 1081 914 programmate
1104 849 1215 892 omncs
1237 826 1408 893 academiae

145 934 236 999 cives
258 933 362 1020 pridie
385 933 536 998 invitabit
558 932 599 998 ad
617 943 722 998 actum
745 932 834 996 illum
857 930 1082 1014 decorandum,
1105 941 1141 996 ut
1161 939 1247 996 stato
1261 939 1407 1017 tempore

145 1037 342 1102 conveniant
374 1037 407 1101 in
441 1037 512 1102 loco
539 1036 677 1122 publico.
724 1039 752 1100 2.
781 1035 860 1121 Ipso
884 1035 937 1100 die
961 1034 1181 1121 promotionis,
1202 1034 1258 1120 qui
1279 1055 1338 1120 per
1360 1032 1407 1098 fa-

145 1139 251 1204 mulos
279 1139 425 1226 publicos
453 1139 582 1204 invitati
610 1148 696 1219 sunt,
723 1138 756 1203 iu
784 1136 904 1203 aedibus
928 1138 1122 1224 promotcris
1145 1137 1338 1202 conveniant
1359 1135 1408 1200 di-

147 1241 281 1308 midiata
315 1251 437 1323 octava,
468 1243 560 1328 signo
593 1263 747 1328 campana
780 1239 865 1306 dato.
910 1239 992 1305 Inde
1021 1240 1053 1305 in
1080 1247 1199 1326 puncto
1223 1248 1344 1304 octavae
1367 1239 1408 1304 ad

145 1345 315 1431 collegium
339 1343 451 1410 ordine
473 1345 659 1431 procedent.
682 1354 738 1411 aut
760 1345 786 1409 si
811 1342 979 1408 doctorum
999 1342 1168 1430 theologiae
1189 1343 1349 1430 promotio
1364 1344 1409 1425 fit,

145 1449 179 1511 in
207 1448 362 1536 templum
391 1447 581 1514 cathedrale.
627 1448 698 1512 Nisi
731 1457 858 1532 tempus
886 1447 946 1512 hoc
973 1445 1094 1512 servari
1123 1454 1213 1511 curet
1235 1455 1408 1532 promotor,

146 1550 264 1636 viginti
287 1559 424 1637 quatuor
445 1551 559 1616 marcis
581 1551 795 1616 mulctabitur.
829 1553 857 1613 3.
880 1549 946 1616 Ubi
969 1548 1081 1614 ordine
1106 1549 1319 1632 consederint,
1334 1573 1408 1638 pro-

145 1663 253 1718 motor
274 1654 450 1720 orationem
472 1654 618 1735 habebit;
642 1677 679 1718 ea
701 1653 791 1716 finita
811 1651 1052 1718 candidatorum
1068 1651 1259 1718 industriam
1274 1653 1408 1740 privatis

147 1765 181 1821 et
203 1757 341 1843 publicis
370 1757 570 1822 examinibus
595 1757 762 1844 probatam
777 1763 811 1820 et
826 1757 995 1841 cognitam,
1012 1756 1072 1820 toti
1089 1755 1250 1822 auditorio
1262 1756 1408 1822 modeste

146 1859 344 1946 praedicabit,
365 1859 545 1948 dignosque
568 1882 623 1925 eos
647 1867 802 1946 repertos,
824 1859 940 1945 quibus
961 1857 1079 1944 gradus
1095 1861 1287 1926 conseratur.
1322 1860 1408 1924 Hinc

146 1962 293 2047 singulos
311 1965 496 2050 juramento
519 1963 684 2048 astringet.

480 2223 752 2288 Jurameutum
784 2221 1068 2306 theologorum.

233 2359 306 2448 Ego
328 2361 370 2426 N.
393 2361 435 2427 N.
457 2371 567 2428 sancte
589 2362 753 2450 promitto,
775 2383 826 2426 me
848 2360 931 2426 velle
953 2360 986 2424 iu
1010 2381 1087 2424 vcra
1109 2359 1171 2425 fide
1194 2361 1293 2427 sacris
1309 2365 1409 2452 scrip-

144 2464 228 2529 turis
252 2464 413 2550 patefacta
435 2475 468 2529 et
490 2465 631 2530 ccclesiae
653 2463 817 2550 symbolis
840 2464 1026 2554 apostolico,
1049 2463 1409 2544 nicaeuo,athanasiauo,

144 2567 291 2633 breviter
313 2561 475 2654 expressa,
506 2589 542 2632 ao
569 2567 601 2632 iu
631 2567 788 2632 invariata
810 2566 1011 2632 confessione
1034 2568 1225 2654 Augustaua
1247 2576 1280 2634 et
1301 2569 1409 2656 Upsa-

145 2670 241 2736 liensi
269 2670 404 2736 concilio
438 2680 471 2736 et
504 2673 634 2736 decreto
662 2678 800 2756 recepta,
823 2676 1007 2734 constanter
1029 2691 1131 2756 usque
1154 2669 1312 2736 adfinem
1334 2673 1408 2739 vitae

146 2795 366 2860 perseverare,
389 2795 522 2859 eamque
545 2773 700 2840 adversus
724 2773 827 2838 omnis
849 2771 976 2858 generis
1000 2772 1197 2858 corruptelas
1220 2775 1273 2861 pie
1289 2799 1326 2840 ac
1341 2799 1409 2840 mo-

147 2874 240 2941 deste
264 2876 357 2955 tueri,
378 2874 514 2941 eandem
537 2877 662 2942 sincero
686 2875 793 2941 studio
816 2873 961 2940 docendo
984 2873 1026 2938 ad
1048 2875 1128 2940 alios
1151 2899 1340 2963 propagare.
1368 2877 1409 2942 In

145 2979 300 3065 gravibus
322 2979 551 3046 controversiis
573 2988 630 3045 aut
654 3001 784 3045 casuum
805 2976 1035 3064 quaestionibus
1061 2977 1252 3045 definiendis
1276 2981 1410 3046 circum-

145 3091 257 3168 specte
280 3103 383 3168 agere,
406 3080 550 3148 adhibita
571 3082 716 3170 diligenti
739 3082 968 3168 scripturarum
990 3080 1256 3164 consideratione,
1279 3092 1313 3148 et
1334 3106 1409 3149 con·

146 3183 219 3248 silio
248 3184 393 3270 gravium
421 3185 574 3266 virorum,
603 3209 736 3273 quorum
760 3185 894 3250 scientia
916 3193 950 3248 et
971 3184 1137 3269 integritas
1159 3185 1191 3249 in
1216 3185 1311 3251 rebus
1334 3187 1409 3254 fidei

144 3295 318 3372 perspecta
341 3294 399 3353 est.
445 3287 633 3354 Schismatis
655 3287 838 3352 occasiones
862 3285 1007 3352 studiose
1029 3286 1150 3372 fugere,
1172 3288 1280 3354 studia
1303 3298 1336 3355 et
1357 3293 1405 3356 la-

144 3387 241 3452 bores
276 3411 387 3455 omnes
421 3389 463 3455 ad
494 3390 558 3455 Dei
591 3392 724 3478 gloriam
754 3398 787 3456 et
815 3391 956 3457 ecclesiae
979 3391 1210 3455 incrementum
1232 3393 1409 3461 secundum

144 3512 329 3557 mensuram
350 3495 469 3580 gratiae,
491 3517 586 3580 quam
609 3494 686 3559 mihi
707 3494 799 3560 Dens
823 3493 977 3573 conferet,
999 3491 1146 3579 dirigere.
1176 3495 1229 3560 Ita
1242 3519 1294 3562 me
1309 3497 1409 3564 Duas

144 3592 281 3682 adjuvet

430 3801 704 3869 duramentum
727 3803 1115 3891 jurisconsultorum.

232 3957 305 4045 Ego
326 3959 369 4024 N.
392 3959 434 4024 N.
459 3966 569 4024 sancte
591 3959 745 4046 polliceor
767 3983 819 4026 me
841 3961 925 4027 velle
946 3961 981 4026 in
1002 3983 1081 4027 vera
1101 3960 1164 4026 fide
1187 3962 1285 4028 sacris
1309 3964 1410 4054 scrip-

143 4061 228 4126 turis
251 4061 421 4148 patefacta,
444 4069 478 4127 et
500 4062 641 4128 ecclesiae
663 4063 827 4150 symbolis,
843 4063 1029 4151 apostolico,
1043 4065 1173 4146 nicaeno,
1189 4063 1408 4151 athanasiano,

143 4163 290 4230 breviter
311 4187 473 4252 expressa,
504 4187 542 4230 ac
563 4165 595 4230 in
617 4167 776 4233 invariata
798 4167 1001 4233 confessione
1023 4168 1213 4254 Augustana
1232 4177 1265 4232 et
1278 4169 1409 4256 Upsali-

143 4267 216 4332 ensi
239 4267 373 4334 concilio
396 4277 430 4334 ct
452 4267 581 4335 decreto
604 4278 743 4356 recepta,
763 4277 948 4335 constanter
961 4292 1064 4357 usque
1079 4269 1120 4335 ad
1134 4270 1230 4336 finem
1245 4271 1320 4338 vitae
1334 4295 1408 4360 per-

143 4391 310 4452 severare;
332 4369 364 4434 in
386 4370 543 4437 tradenda
564 4370 683 4437 deinde
705 4370 851 4438 doctrina
863 4372 946 4459 juris
963 4372 1236 4460 expeditissimam
1251 4375 1406 4440 rationem

144 4472 272 4553 sectari,
295 4471 464 4559 omniaque
487 4473 528 4540 ad
549 4475 732 4563 reipublice
751 4497 844 4540 rmum
868 4484 902 4540 et
922 4477 1027 4562 legum
1050 4475 1146 4564 hujus
1168 4477 1295 4565 imperii
1308 4499 1407 4564 genu-

144 4575 232 4642 inum
256 4597 386 4641 sensum
408 4576 546 4642 fideliter
566 4576 821 4660 accommodare3
839 4579 922 4666 juris
946 4588 979 4645 et
994 4581 1074 4666 aequi
1090 4589 1233 4647 exactam
1251 4581 1405 4646 rationem

145 4681 177 4744 in
212 4679 361 4746 omnibus
395 4681 573 4763 sententiis,
607 4681 895 4748 consultationibus
926 4692 959 4747 et
976 4681 1106 4770 judiciis
1130 4706 1257 4771 semper
1278 4683 1405 4764 babere,
