3520 5616
400 543 440 607 50
776 545 857 606 1655
881 547 927 606 trs
951 549 1188 608 lonatitutioner.

360 843 467 898 natam
490 855 598 898 secum
621 833 807 898 serentibus.

446 940 475 1001 6.
522 937 731 1002 Venerantur
763 938 880 1024 singuli
915 939 1078 1004 ministros
1112 940 1202 1004 verbi
1232 939 1352 1020 fideles,
1375 941 1487 1006 crebro
1506 953 1539 1006 et
1561 943 1624 1006 rite

359 1048 490 1106 utantur
523 1063 613 1106 sacra
645 1043 768 1128 synaxi,
801 1044 892 1128 cujus
926 1043 1090 1128 neglectus
1124 1053 1199 1130 post
1232 1044 1347 1108 seriam
1373 1044 1624 1110 admonitionem

358 1168 471 1210 severe
495 1147 653 1232 punietur.

445 1254 473 1314 7.
519 1249 642 1315 Omnes
677 1250 878 1336 magistratui
911 1260 945 1315 et
971 1252 1209 1338 professoribus
1237 1253 1391 1318 honorem
1419 1252 1562 1318 debitum
1587 1273 1625 1316 ac

358 1354 573 1420 obedientiam
608 1364 776 1440 praestent;
809 1364 1002 1441 serventque
1032 1359 1214 1443 juramenta
1242 1358 1357 1422 rectori
1386 1357 1538 1443 praestita,
1560 1356 1623 1420 nisi

360 1459 491 1545 perjurii
514 1458 645 1522 infamia
666 1459 772 1522 notari
795 1459 904 1524 velint

446 1566 474 1627 8.
521 1562 625 1627 Nemo
653 1562 832 1627 studiorum
860 1563 963 1648 gratia
991 1563 1160 1650 Upsaliam
1184 1565 1327 1644 veniens,
1350 1565 1434 1630 ultra
1457 1574 1529 1628 octo
1552 1563 1624 1628 dies

360 1667 601 1753 inscriptionem
623 1665 752 1731 differet
757 1690 766 1747 ;
789 1666 846 1730 sed
870 1689 980 1732 omnes
1003 1689 1119 1733 nomeu
1135 1691 1228 1733 suum
1244 1668 1331 1754 apud
1346 1677 1502 1734 rectorem
1518 1667 1626 1744 edent,

359 1781 392 1836 et
419 1793 455 1836 se
480 1771 680 1856 magistratui
708 1769 890 1835 academico
914 1773 1097 1857 juramento
1125 1771 1336 1858 adstringant,
1369 1795 1428 1837 nec
1454 1772 1623 1858 quisquam

358 1897 423 1940 non
445 1875 634 1963 inscriptum
656 1875 690 1939 in
713 1897 770 1940 sua
793 1897 902 1940 mensa
923 1875 996 1940 alet.

446 1984 475 2045 9.
519 1979 586 2058 Qui
609 1980 698 2045 citati
720 2002 739 2044 a
761 1990 885 2044 rectore
907 2001 970 2043 non
994 1981 1238 2067 comparuerint,
1260 1980 1395 2045 carceris
1418 2001 1523 2066 poena
1538 1979 1625 2065 pleo-

357 2093 474 2150 tentur.
520 2083 555 2148 Si
588 2105 667 2148 vero
700 2084 867 2149 sententiae
895 2085 1028 2148 rectoris
1061 2091 1094 2148 et
1120 2084 1303 2149 consistorii
1324 2106 1436 2171 parere
1459 2093 1624 2148 coutuma-

357 2188 437 2252 oiter
469 2187 729 2266 detrectaverint,
763 2197 818 2252 aut
851 2187 879 2251 si
908 2197 1065 2252 arrestum
1095 2189 1147 2253 vel
1173 2187 1390 2252 vadimonium
1421 2187 1624 2266 violaverint,

358 2293 510 2379 citatique
540 2313 603 2356 non
632 2292 876 2377 comparuerint,
903 2290 1038 2376 publicoe
1061 2292 1265 2377 relegationis
1287 2313 1422 2377 poenam
1446 2293 1623 2371 incurreut3

357 2419 438 2482 quae,
460 2420 500 2462 ne
523 2396 595 2484 quis
618 2397 753 2482 ignoret,
776 2397 808 2460 in
825 2417 863 2460 eo
878 2396 1043 2474 consistet,
1057 2395 1144 2482 quod
1160 2396 1366 2481 ignominiam
1382 2395 1515 2472 adferat,
1532 2417 1624 2460 exer-

359 2501 443 2566 citiis
467 2523 503 2566 ac
525 2500 641 2566 studiis
664 2499 848 2565 liberalibus
870 2522 970 2586 penes
993 2499 1187 2565 academiam
1203 2499 1382 2580 interdicat,
1400 2509 1496 2584 atque
1512 2521 1624 2584 quam-

358 2604 415 2669 diu
436 2604 610 2684 duraverit,
632 2604 672 2669 ab
694 2603 800 2669 officio
825 2601 960 2669 docendi
984 2613 1018 2668 et
1038 2603 1109 2668 aliis
1132 2603 1269 2690 publicis
1293 2604 1478 2670 muneribus
1495 2603 1624 2668 bonori-

360 2709 428 2773 fiois
451 2717 567 2773 arceat.

446 2815 494 2878 10.
540 2811 645 2877 Nemo
673 2811 840 2897 magnifico
868 2813 995 2896 rectori,
1023 2812 1149 2876 senatui
1177 2811 1357 2876 academico
1381 2811 1433 2876 vel
1456 2810 1621 2896 professo-

357 2917 446 2982 ribus
470 2917 604 3002 singulis
627 2918 746 3003 injuste
769 2916 969 3001 obloquatur,
991 2916 1094 2980 multo
1109 2917 1214 2980 minus
1229 2915 1400 2981 maledicat
1415 2915 1467 2980 vel
1483 2915 1623 2998 resistat,

357 3020 419 3085 sub
441 3043 546 3107 poena
568 3020 693 3106 legibus
716 3019 826 3106 patriae
850 3028 883 3084 et
905 3019 1082 3106 privilegiis
1104 3021 1201 3106 regiis
1224 3019 1363 3084 definita.

444 3128 495 3189 11.
541 3123 594 3188 Ad
629 3124 774 3210 publicos
808 3132 909 3203 actus,
942 3122 1200 3203 declamationes,
1233 3123 1478 3210 disputationes,
1510 3122 1624 3187 funera

360 3229 488 3294 invitati
514 3228 627 3293 sedulo
650 3227 897 3313 frequenterque
921 3228 1123 3292 conveniant.

446 3336 496 3398 12.
542 3333 609 3411 Qui
639 3333 742 3396 nullas
771 3331 924 3397 lectiones
953 3331 1078 3417 publice
1101 3331 1246 3416 audiunt,
1269 3331 1297 3396 si
1320 3330 1475 3397 admoniti
1500 3353 1534 3394 se
1558 3353 1622 3394 nou

358 3434 609 3517 emendaverint,
638 3435 679 3500 ad
708 3437 795 3502 nulla
816 3435 979 3517 beneficia,
1001 3436 1116 3522 quibus
1140 3436 1217 3500 alias
1241 3435 1378 3501 studiosi
1400 3435 1482 3499 affici
1507 3435 1622 3512 solent,

359 3541 583 3621 admittantur3
607 3539 665 3605 sed
687 3541 719 3604 in
743 3540 878 3626 patriam
901 3539 952 3604 vel
977 3540 1188 3625 adparentes
1212 3561 1252 3604 ex
1275 3538 1436 3604 academia
1458 3540 1623 3603 remittan-

360 3655 427 3726 tu1·;
450 3644 599 3709 industrii
624 3666 702 3708 vero
725 3643 843 3709 debitis
866 3643 1004 3729 praemiis
1027 3652 1189 3708 ornentur.

447 3751 496 3814 13.
542 3747 625 3814 Cum
661 3771 738 3814 vero
774 3746 911 3812 studiosi
939 3749 1130 3833 quicunque,
1159 3747 1228 3814 sive
1257 3746 1380 3812 nobiles
1404 3747 1473 3811 sive
1496 3747 1560 3826 alii,
1584 3747 1623 3812 ad

355 3853 499 3941 publicas
535 3852 755 3940 professorum
788 3852 952 3929 lectiones,
987 3851 1233 3937 disputationes,
1260 3851 1311 3916 vel
1341 3851 1502 3916 orationes
1529 3873 1623 3938 qnas-

356 3981 481 4045 cunque
513 3957 689 4023 audieudas
718 3957 936 4034 convenerint,
963 3956 1072 4021 statim
1097 3957 1230 4041 ingressi
1254 3955 1457 4036 auditorium,
1479 3965 1554 4021 aute
1576 3959 1625 4021 in-

357 4064 490 4128 troitum
513 4062 742 4149 professorum,
764 4060 834 4125 loca
856 4059 916 4124 sibi
940 4059 1101 4125 destinata
1117 4059 1327 4146 occupabunt,
1341 4081 1400 4124 uec
1415 4059 1537 4125 aditum
1553 4061 1623 4126 aliis

356 4167 599 4253 quibuscunque
627 4166 697 4230 sive
720 4167 836 4251 januas
868 4164 1064 4250 occupando,
1098 4165 1167 4230 sive
1197 4165 1229 4228 in
1259 4163 1410 4228 auditorii
1438 4165 1622 4249 pavimento

357 4270 574 4350 consistendo,
597 4267 802 4356 praeoludaut.
848 4268 930 4346 Quae
955 4291 1031 4332 vero
1055 4269 1085 4332 iu
1109 4268 1272 4334 academia
1294 4277 1526 4354 proponuntur,
1552 4269 1624 4334 dili-

357 4377 467 4463 gentia
489 4397 614 4440 summa
637 4381 759 4438 notent.

445 4484 493 4545 14.
539 4479 627 4543 Nulli
659 4475 876 4542 studiosorum
905 4476 955 4541 fas
986 4478 1029 4541 sit
1051 4476 1200 4562 privatim
1223 4475 1372 4541 habendo
1395 4475 1538 4560 collegia,
1561 4473 1620 4538 do-

357 4585 497 4650 centium
531 4583 636 4648 officia
668 4581 837 4646 invadere:
872 4603 931 4645 nec
959 4583 1138 4667 quisquam,
1168 4590 1284 4668 prater
1310 4581 1391 4660 illos,
1418 4580 1473 4665 qui
1495 4579 1622 4665 publico

355 4688 492 4754 docendi
515 4709 646 4752 munere
670 4686 702 4750 in
725 4685 888 4750 academia
909 4684 1060 4770 gaudent,
1077 4685 1172 4749 ullam
1188 4685 1327 4749 chartam
1344 4684 1478 4770 publicae
1493 4683 1619 4756 tabula,

354 4795 422 4860 sine
445 4792 578 4858 rectoris
601 4799 657 4855 aut
679 4789 789 4855 decani
813 4790 946 4875 alicujus
963 4811 1122 4853 consensu
1137 4789 1255 4873 affigat.
1289 4788 1498 4873 Quocunque
1514 4796 1618 4852 auteur
