3564 5624
414 549 433 613 6
790 553 872 613 1655
896 551 941 614 irs
966 552 1203 614 kcnstitutloner.

371 738 477 803 siones
502 739 565 817 liet,
588 747 624 801 ut
646 745 722 823 post
744 736 929 822 theologum
952 738 996 802 sit
1013 739 1273 824 jurisconsultus
1290 747 1366 823 post
1380 737 1465 802 hunc
1479 736 1639 816 medicus,

370 849 447 926 post
468 840 553 904 hune
575 838 797 925 philosophus.
840 839 979 906 Etcum
1002 841 1110 926 plures
1133 841 1199 905 sint
1220 839 1402 926 philosophi
1425 862 1518 925 quam
1536 861 1640 926 supe-

368 943 488 1008 riorum
523 941 710 1006 facultatum
741 942 951 1026 professores,
984 966 1119 1029 cumque
1153 943 1264 1008 ordine
1291 944 1359 1029 jam
1386 942 1472 1007 dioto
1501 949 1637 1006 servato

370 1066 481 1112 omnes
505 1043 656 1129 theologi,
673 1043 896 1129 jurisconsulti
919 1055 951 1112 et
973 1045 1088 1112 medici
1110 1046 1230 1112 fuerint
1246 1046 1349 1110 functi
1364 1045 1470 1110 officio
1486 1045 1636 1121 rectoriS,

368 1155 447 1229 tum,
469 1148 524 1234 qui
548 1156 722 1234 supersunt
743 1146 955 1234 philosophiae
977 1149 1176 1234 professores
1200 1149 1362 1231 ordinarii,
1384 1171 1456 1214 sese
1478 1149 1510 1212 in
1533 1148 1638 1212 susti-

368 1251 475 1316 nendo
510 1259 670 1315 rectoratu
703 1249 797 1314 electi
829 1260 1074 1336 consequentur,
1107 1252 1153 1318 ita
1179 1261 1287 1317 tamen
1315 1261 1352 1316 ut
1379 1275 1483 1332 nemo,
1513 1251 1575 1316 nisi
1600 1252 1636 1315 iu

369 1354 501 1440 alicujus
525 1352 695 1418 academiae
718 1374 849 1418 munere
871 1354 1066 1439 professoria
1086 1364 1142 1420 aut
1156 1355 1218 1420 alio
1233 1355 1406 1420 honorifico
1422 1355 1526 1421 officio
1541 1355 1637 1420 bieu-

368 1457 457 1522 nium
479 1463 554 1522 ante
576 1455 706 1534 vixerit,
729 1463 833 1520 rector
855 1455 1000 1542 eligatur.
1033 1458 1149 1544 Neque
1171 1457 1280 1524 licebit
1302 1459 1357 1522 ulli
1381 1458 1465 1523 huuc
1486 1457 1635 1523 ordinem

368 1567 500 1637 mutare,
522 1559 586 1623 uisi
608 1581 733 1624 summa
755 1561 929 1624 necessitas
953 1560 986 1624 id
1009 1562 1230 1647 postulaverit,
1253 1561 1293 1626 de
1316 1584 1380 1648 quo
1403 1563 1505 1647 majus
1528 1560 1636 1625 cousi-

368 1662 506 1736 storium
523 1660 695 1747 judicabit.

454 1769 484 1832 3.
528 1764 604 1829 Fiet
630 1773 736 1830 autem
765 1766 880 1830 electio
908 1767 1043 1832 rectoris
1071 1767 1121 1832 bis
1151 1767 1183 1830 in
1212 1789 1296 1832 auno
1320 1766 1403 1832 circa
1431 1772 1473 1832 24
1494 1767 1577 1852 Maji
1601 1774 1637 1832 et

368 1871 408 1933 22
431 1867 638 1934 Novembris.

453 1974 483 2036 4.
529 1970 597 2048 Qui
619 1971 784 2058 professor
806 1974 931 2038 ratione
954 1972 1076 2039 ordinis
1100 1981 1133 2038 et
1156 1972 1344 2038 facultatum
1366 1972 1508 2058 legitime
1525 1979 1636 2036 rector

368 2073 489 2138 electus
512 2096 627 2138 munus
651 2074 711 2139 hoc
733 2075 765 2138 in
788 2097 824 2140 se
846 2077 988 2161 recipere
1014 2074 1252 2158 detrectaverit,
1278 2075 1333 2139 ubl
1347 2077 1431 2140 serio
1448 2074 1634 2140 admonitus

366 2175 574 2262 pertinaciter
595 2180 862 2263 perseveraverit,
885 2178 1072 2244 excludetur
1093 2178 1133 2242 ab
1155 2177 1216 2242 hoc
1237 2178 1359 2243 honore
1374 2179 1407 2243 in
1423 2185 1634 2264 perpetruun:

363 2280 461 2364 justae
483 2287 590 2344 tamen
617 2287 650 2344 et
671 2302 769 2365 aequoe
792 2303 894 2347 causae
916 2280 1091 2367 quemlibet
1114 2283 1321 2362 excusabunt,
1339 2281 1511 2368 dequibus
1528 2281 1635 2366 majus

366 2381 593 2446 consistorium
611 2382 778 2470 judicabit.

438 2609 499 2671 2:0.
542 2605 599 2671 De
622 2606 926 2673 introductione
950 2617 987 2673 et
1009 2607 1242 2672 solennibus
1265 2609 1354 2674 novi
1377 2608 1554 2674 rectoris.

452 2743 655 2809 Introductio
678 2747 754 2811 novi
777 2745 910 2811 rectoris
933 2746 988 2808 fiet
1010 2753 1125 2809 octavo
1148 2745 1200 2810 die
1225 2755 1299 2812 ante
1314 2747 1433 2812 festum
1451 2747 1483 2811 S.
1495 2747 1633 2810 Thomas

366 2856 400 2912 et
422 2856 537 2913 octavo
561 2847 613 2914 die
636 2857 710 2914 ante
733 2849 852 2914 festum
876 2849 908 2913 S.
932 2847 1099 2927 Johannis,
1122 2850 1183 2913 nisi
1206 2850 1234 2913 is
1250 2850 1353 2915 festus
1369 2851 1438 2915 dies
1454 2849 1561 2929 fuerit,
1576 2851 1632 2913 vel

365 2950 482 3016 festum
516 2952 662 3037 proxime
697 2952 905 3031 antecedens;
939 2959 1006 3014 tum
1036 2952 1120 3015 enim
1147 2950 1252 3038 pridie
1280 2953 1348 3017 sinc
1376 2952 1529 3016 dilatione
1560 2953 1633 3031 llet;

366 3075 425 3118 neo
452 3053 564 3119 licebit
590 3057 706 3120 rectori
729 3055 819 3120 illum
841 3053 926 3118 diem
949 3074 1130 3138 prorogare.

485 3276 576 3340 Haec
603 3275 850 3342 introductio
877 3276 949 3340 hoe
977 3250 1134 3339 solenni
1163 3276 1243 3340 ritu
1271 3283 1498 3362 peragetur,

453 3416 481 3479 1.
525 3413 593 3481 Ubi
615 3413 720 3501 pridie
744 3414 872 3501 publico
888 3435 1006 3478 excuso
1024 3425 1256 3499 programmate
1273 3413 1473 3500 inauguratio
1489 3412 1632 3480 iudicata

363 3515 469 3596 fuerit,
497 3516 654 3602 postridie
681 3516 835 3605 procedat
864 3525 969 3581 rector
1001 3517 1120 3581 electus
1147 3540 1217 3580 cum
1240 3515 1477 3604 professoribus
1501 3525 1534 3582 ct
1556 3539 1631 3582 aca-

365 3617 497 3683 demicis
526 3620 596 3684 aliis
624 3619 665 3686 ad
694 3620 778 3686 aedes
808 3619 1020 3685 antecessoris
1049 3618 1128 3684 hora
1160 3629 1273 3685 octava
1295 3629 1371 3706 post
1393 3621 1519 3707 siguum
1541 3643 1631 3686 cam-

364 3743 449 3808 pana
470 3719 590 3789 datum.

451 3827 480 3889 2.
527 3823 608 3888 Cum
632 3823 851 3898 convenerint,
874 3832 998 3888 remoto
1022 3822 1107 3888 omni
1130 3829 1269 3908 sumptu,
1288 3819 1451 3888 deducunt
1469 3832 1629 3888 rectorem

364 3935 440 4012 toga
461 3926 613 4013 peculiari
636 3925 801 3991 inductum
825 3927 857 3990 in
873 3928 1038 4014 templum,
1053 3923 1307 4012 praecedentibus
1323 3925 1491 3990 academiae
1506 3927 1628 4011 togatis

365 4029 519 4094 ministris
542 4051 613 4094 oum
638 4032 784 4116 sceptris

451 4136 479 4197 3.
524 4131 592 4198 Ubi
620 4155 657 4198 eo
688 4141 820 4198 ventum
841 4131 949 4212 fuerit,
973 4141 1078 4198 rector
1100 4155 1118 4197 e
1140 4129 1291 4196 cathedra
1313 4130 1461 4196 recitabit
1483 4131 1626 4194 oratiun-

364 4235 467 4299 culam
488 4234 620 4302 brevem
641 4236 735 4315 actui,
757 4236 828 4300 loco
847 4243 880 4299 et
901 4234 1040 4322 tempori
1062 4235 1314 4313 convenientem,
1335 4255 1406 4319 quae
1428 4233 1511 4298 ultra
1527 4234 1627 4298 semi-

363 4337 475 4402 horam
497 4360 561 4402 uon
584 4336 785 4418 extendatur,
804 4337 1024 4424 professorum
1039 4339 1165 4403 iuterim
1181 4357 1373 4423 unoquoque
1389 4359 1447 4401 suo
1462 4336 1533 4401 loco
1549 4357 1627 4401 con-

363 4439 504 4505 sidente:
527 4449 642 4527 postea
663 4447 832 4508 evocatum
855 4441 991 4506 electum
1012 4449 1169 4506 rectorem
1189 4440 1334 4505 concioni
1358 4440 1452 4506 sistet
1467 4439 1560 4524 eique
1576 4461 1626 4520 ea,

364 4566 434 4629 quac
462 4541 503 4608 de
533 4546 667 4609 rectoris
697 4544 801 4609 officio
834 4552 955 4610 statuta
977 4550 1062 4624 sunt,
1087 4541 1217 4628 praelegi
1239 4543 1363 4608 curabit
1384 4553 1481 4629 atque
1503 4541 1545 4606 ad
1569 4564 1626 4608 eo-

363 4645 497 4712 rundem
521 4647 781 4713 observationem
798 4647 1007 4734 jurejruando
1031 4669 1103 4712 eum
1126 4645 1314 4732 adstringet.
