3564 5624
566 519 647 584 1655
672 515 717 582 lrs
740 516 977 582 lronatltutionet.
1340 513 1358 582 5

145 716 172 777 2.
199 709 349 796 Eligendi
377 716 543 773 rectorem.
579 711 607 772 3.
631 705 828 771 Nominandi
862 713 895 769 et
926 705 1141 791 praesentandi
1174 705 1401 792 professorem.

144 819 172 879 4.
194 815 247 879 De
270 837 380 880 eorum
406 812 462 898 qui
492 810 619 898 publice
642 818 676 874 et
697 810 849 895 privatim
871 809 1008 895 publicis
1031 808 1202 895 stipendiis
1226 809 1352 886 docent,
1375 811 1403 875 si

145 917 196 983 vel
225 919 258 980 in
288 918 355 982 vita
383 918 435 981 vel
458 914 604 980 doctrina
621 915 709 999 juste
732 910 922 998 reprehendi
945 915 1081 998 possint,
1104 912 1327 979 emendatione
1349 922 1405 978 aut

145 1021 335 1085 coercitione
358 1017 555 1084 deliberandi
578 1038 709 1102 remque
731 1015 772 1079 ad
794 1013 1015 1079 cancellarium
1039 1015 1215 1082 deferendi.
1245 1021 1274 1083 5.
1298 1017 1334 1082 Si
1348 1040 1404 1104 pe-

145 1125 289 1188 riculosae
315 1122 530 1188 dissentiones
560 1119 713 1198 incidant,
746 1140 799 1184 eas
833 1119 1047 1202 cognoscendi
1077 1130 1110 1185 et
1137 1119 1342 1208 dijudicandi,
1373 1121 1403 1185 6.

146 1227 289 1314 Majores
318 1226 456 1312 denique
483 1223 663 1290 criminales
690 1243 802 1286 causas
830 1221 972 1307 aliasque
1000 1223 1242 1288 estimationem
1269 1223 1405 1310 quadra-

145 1331 235 1415 ginta
262 1327 404 1414 quinque
430 1327 625 1392 thalerorum
654 1323 847 1390 excedentes
876 1324 1079 1390 examinandi
1108 1333 1141 1390 et
1164 1325 1343 1392 decidendi.
1376 1329 1404 1391 7.

146 1431 352 1497 Professores
380 1431 413 1496 in
443 1429 549 1495 officio
572 1426 768 1507 continendi,
789 1435 946 1492 rectorem
968 1451 1096 1514 quoque
1118 1429 1235 1516 ipsum,
1257 1453 1329 1496 cum
1351 1453 1408 1495 ne·

147 1557 237 1601 cesse
270 1535 341 1615 crit,
368 1533 465 1597 officii
493 1533 543 1598 sui
571 1553 630 1618 per
655 1539 875 1617 prorectorem
905 1538 961 1596 aut
991 1532 1272 1618 procancellarium
1296 1533 1408 1599 admo-

147 1637 254 1704 nendi.
288 1641 316 1702 8.
342 1636 465 1702 Causas
489 1635 530 1701 de
552 1635 719 1716 reditibus,
741 1657 812 1721 quae
835 1635 868 1698 in
888 1634 1002 1698 minori
1017 1627 1208 1701 consistorio
1224 1637 1328 1703 decidi
1343 1660 1408 1702 non

146 1748 294 1828 possunt,
309 1739 356 1806 de
380 1739 520 1804 aedificiis
543 1741 690 1826 publicis,
712 1738 753 1804 dc
768 1745 913 1823 tempore
928 1736 1144 1802 habendarum
1161 1743 1409 1826 promotionum,

147 1846 188 1910 dc
212 1843 493 1931 stipendiariorum
516 1843 671 1908 electione
694 1841 798 1928 deque
821 1841 936 1906 officiis
960 1840 1149 1907 academicis
1164 1843 1298 1930 aliisque
1312 1846 1408 1910 rebus

146 1948 346 2034 gravissimis
375 1945 583 2025 deliberandi,
610 1946 803 2031 omninoque
830 1944 971 2024 curandi,
997 1953 1034 2008 ut
1056 1967 1107 2010 res
1130 1945 1300 2014 academiae
1322 1958 1409 2016 recte

146 2060 334 2130 tractentur,
355 2073 396 2115 ne
418 2051 458 2114 iis
480 2051 651 2136 quicquam
673 2047 816 2113 decedat.

237 2157 265 2219 5.
310 2153 365 2218 Ad
390 2161 539 2219 neutrum
568 2159 675 2218 autem
698 2151 925 2217 consistorium
947 2150 1019 2236 quis
1042 2150 1193 2218 adsessor
1215 2153 1411 2238 admittatur,

146 2257 211 2321 nisi
233 2257 321 2342 priua
341 2259 558 2343 juramentum
581 2256 768 2342 praestiterit
789 2255 997 2341 subsequens.

398 2445 664 2511 Iuramentum
692 2443 914 2508 adsessoris
942 2443 980 2507 in
1010 2453 1159 2509 senatu.

236 2585 308 2672 Ego
335 2593 395 2650 etc.
425 2593 534 2650 sancte
563 2585 726 2671 promitto,
756 2605 807 2648 me
829 2584 861 2647 in
885 2605 1051 2648 causarum
1073 2585 1264 2670 cognitione,
1286 2608 1356 2672 quae
1379 2587 1412 2650 in

148 2689 211 2756 hoc
240 2699 354 2754 senatu
382 2697 566 2769 tractantur,
594 2689 805 2754 attentionem
832 2687 984 2754 adbibere
1011 2689 1095 2754 velle
1118 2697 1152 2754 et
1172 2690 1206 2754 in
1223 2689 1353 2776 judiciis
1376 2713 1413 2755 ac

147 2793 436 2858 consultationibus
464 2793 621 2872 omnibus,
648 2799 802 2878 quantum
830 2792 863 2856 in
892 2815 943 2857 me
973 2801 1031 2873 est,
1053 2794 1245 2859 sententiam
1267 2795 1411 2880 proferre

147 2898 321 2962 academiae
343 2896 626 2962 constitutionibus
649 2903 682 2961 et
696 2897 857 2962 communi
871 2897 937 2982 juri
954 2907 1208 2978 consentaneam,
1223 2921 1288 2964 non
1302 2899 1412 2965 habito

148 3008 300 3086 respectu
322 3000 478 3072 arnicitiae,
502 2998 632 3080 favoris,
654 2999 730 3080 odii,
757 2998 994 3084 indignationis,
1025 3001 1319 3086 consanguinitatis,
1346 3002 1413 3066 afli·

146 3103 271 3181 nitatis,
303 3111 359 3167 aut
389 3104 605 3190 cujuscunque
637 3101 770 3167 affectus
804 3102 857 3167 vel
888 3102 1024 3188 private
1057 3103 1214 3184 utilitatis,
1250 3127 1311 3170 neo
1341 3127 1412 3170 oum

147 3227 215 3270 uno
239 3214 295 3270 aut
316 3205 428 3284 altero,
451 3205 485 3270 in
508 3203 651 3270 dicendis
675 3203 853 3285 sententiis,
875 3203 1094 3270 fraudulenter
1115 3206 1266 3292 privatim
1285 3210 1413 3295 conspi-

146 3310 240 3375 rabo.
283 3310 436 3374 Divinam
464 3309 608 3396 gloriam.
637 3308 778 3373 ecclesiae
802 3318 835 3373 et
856 3308 1036 3395 reipublicae
1061 3308 1220 3396 hujusque
1243 3312 1413 3379 academiae

146 3413 353 3478 commodum
381 3414 473 3478 unice
500 3411 677 3499 respiciam,
703 3434 775 3498 quse
801 3412 842 3477 ad
870 3434 993 3477 morum
1021 3411 1223 3478 honestatem
1249 3425 1282 3480 et
1310 3419 1413 3484 studi-

146 3539 243 3581 orum
265 3517 496 3581 incrementum
519 3515 640 3581 faciunt
662 3514 775 3581 sedulo
796 3517 983 3602 procurabo,
1000 3515 1156 3582 factiones
1173 3527 1206 3583 et
1220 3521 1330 3587 turbas
1346 3546 1414 3588 om·

146 3641 209 3684 nes
233 3618 362 3705 fugiam,
385 3619 577 3684 sententiam
599 3641 700 3683 meam
722 3619 930 3705 pertinaciter
951 3642 1016 3685 non
1038 3620 1163 3700 tuebor,
1185 3621 1242 3686 sed
1264 3623 1413 3709 plurium,

144 3723 175 3788 si
200 3723 344 3790 veriores
368 3745 439 3787 esse
461 3722 656 3802 intellexero,
678 3745 729 3787 me
751 3723 1007 3806 accommodabo,
1029 3723 1164 3789 tacenda
1186 3723 1324 3814 denique
1348 3753 1413 3795 non

144 3825 331 3892 eliminabo.
376 3823 429 3890 Ita
450 3847 501 3889 me
523 3823 622 3889 Deus
644 3823 786 3912 adjuvet.

673 4135 779 4218 Cap.
807 4133 890 4204 IV.

422 4271 473 4339 Dc
493 4278 622 4352 rectore,
644 4278 675 4336 ct
691 4273 804 4356 primo
826 4272 864 4336 dc
886 4272 956 4356 ajace
978 4275 1136 4340 electione.

241 4432 268 4494 1.
314 4427 486 4494 Rectorem
508 4438 638 4496 senatus
662 4451 702 4494 ex
725 4427 894 4492 ordinariis
910 4427 1147 4513 professoribus
1163 4430 1195 4494 in
1211 4433 1324 4519 majori
1339 4459 1415 4501 con-

143 4531 284 4598 sistorio
307 4533 415 4618 eliget.

240 4639 270 4701 2.
315 4635 398 4700 (lum
421 4635 499 4700 ordo
522 4636 722 4701 academicus
742 4637 786 4702 sit
803 4636 1050 4718 aristocraticuS,
1061 4639 1184 4723 justum
1200 4661 1329 4728 quoque
1345 4644 1415 4724 erit,

142 4761 189 4804 ne
215 4738 289 4824 quis
312 4738 363 4803 hic
385 4739 577 4826 negligatur:
600 4739 646 4804 ita
669 4763 745 4827 ergo
769 4741 883 4807 electio
906 4741 1083 4807 secundum
1104 4741 1273 4809 facultates
1300 4754 1333 4811 et
1348 4767 1415 4812 ses-
