3564 5624
518 519 600 579 1656
624 520 670 578 trs
693 521 933 582 konstitutioner.
1306 523 1348 584 23

130 700 275 786 ipsorum
309 724 423 789 operas
456 703 536 768 meis
569 690 682 770 usibus
715 704 825 770 illicite
853 727 916 770 non
944 705 1172 789 adhibiturum,
1193 729 1253 772 nec
1275 709 1391 794 quovis

130 806 261 871 nomine
294 827 331 870 ac
364 807 458 872 titulo
486 807 666 893 quicquam,
687 808 750 874 nisi
772 808 859 895 quod
881 810 977 874 officii
1000 811 1123 876 ratione
1145 819 1268 891 teneor,
1289 812 1329 877 ab
1350 812 1391 877 iis

132 918 335 991 exacturum,
361 911 503 976 rationes
531 920 688 998 praterea
714 935 834 978 annuas
862 912 902 978 ad
930 913 1087 1000 liquidum
1108 914 1290 1000 perductas,
1312 939 1393 1003 prae-

131 1013 253 1099 scripto
284 1015 408 1100 legibus
443 1023 599 1102 tempore,
632 1017 759 1082 senatui
787 1017 1011 1082 exhibiturum.
1057 1017 1216 1099 Tacenda,
1238 1041 1289 1084 mc
1310 1041 1390 1106 prae-

131 1125 225 1182 sente
252 1119 285 1182 in
314 1119 505 1184 consistorio
532 1143 603 1206 quae
626 1130 831 1206 peragrmtur,
855 1143 920 1186 non
943 1123 1182 1208 evulgaturum:
1206 1123 1314 1188 omnia
1336 1122 1392 1188 dc-

131 1220 230 1306 nique
263 1230 467 1304 sectaturum,
499 1245 569 1310 quae
596 1223 758 1302 honestes,
786 1224 1031 1290 constitutiones
1058 1225 1244 1292 academicae
1268 1237 1301 1292 ct
1322 1249 1391 1292 mu-

130 1324 217 1389 neris
240 1326 406 1412 integritas
428 1329 648 1414 praescribunt.
693 1328 747 1394 Ita
767 1351 819 1394 me
842 1329 941 1394 Datus
963 1328 1104 1416 adjuvet.

646 1621 753 1704 Cap.
784 1625 893 1689 XII.

282 1779 331 1844 De
351 1780 522 1844 secretana
544 1781 718 1845 moderatae
740 1781 873 1866 ejusque
895 1782 1044 1846 electione
1066 1787 1097 1846 et
1117 1783 1238 1866 officio.

223 1940 249 2000 l.
293 1935 490 2000 secretarius
519 1934 631 2001 eodem
658 1935 754 2001 modo
777 1958 841 2022 quo
864 1945 1005 2024 quaestor
1026 1937 1170 2024 eligetur,
1193 1939 1392 2024 eloquentiae,

127 2039 212 2125 juris
235 2048 269 2104 et
290 2040 394 2105 civilis
417 2040 627 2127 pbilosopbiae
650 2041 782 2127 peritus.

219 2148 248 2208 2.
282 2143 318 2208 Is
343 2147 370 2208 1.
399 2144 484 2208 Acta
504 2153 537 2208 et
558 2144 809 2231 disceptationes
829 2146 861 2210 in
882 2147 1073 2212 consistorio
1091 2147 1251 2212 bonafide
1266 2149 1392 2234 consig-

132 2248 230 2313 nabit
264 2252 293 2312 2.
318 2248 502 2313 Sententias
524 2248 662 2314 fideliter
684 2249 845 2336 concipiet
863 2249 1106 2338 descriptasquc
1125 2251 1270 2338 partibus
1286 2255 1392 2339 requi-

132 2353 277 2418 rentibus
299 2353 555 2432 communicabit,
576 2353 674 2438 idquc
696 2376 767 2418 cum
792 2377 950 2420 consensu
971 2357 1114 2435 rectoris,
1128 2379 1188 2442 pro
1204 2378 1267 2442 quo
1282 2357 1391 2424 labore

132 2456 291 2522 modicum
320 2479 380 2543 pro
408 2460 562 2544 cujusque
590 2457 796 2524 facultatibus
818 2459 983 2544 praernium
1006 2459 1069 2545 ipsi
1092 2460 1229 2524 solvent.
1276 2465 1303 2526 3.
1328 2461 1391 2527 Te-

131 2561 222 2626 nebit
247 2561 404 2626 rationem
432 2560 620 2625 muletarum
648 2583 668 2625 a
694 2571 807 2626 senatu
828 2562 1060 2649 impositorum.
1105 2567 1135 2628 4.
1159 2564 1241 2642 Quae
1263 2565 1391 2652 publico

131 2665 261 2730 nomine
293 2664 461 2731 scribenda
494 2673 570 2728 sunt
602 2665 755 2736 exarabit.
811 2670 839 2730 5.
873 2666 1014 2752 Negotia
1044 2665 1224 2747 academiae,
1255 2669 1390 2755 jubente

132 2778 256 2851 senatu,
290 2768 377 2833 domi
404 2768 546 2855 forisque
573 2770 727 2855 perficiet,
753 2770 975 2856 protocollum,
1001 2780 1098 2856 prout
1120 2781 1310 2857 conceptum
1333 2782 1392 2854 est,

131 2875 224 2939 initio
247 2874 411 2959 sequentis
434 2874 598 2955 sessionis,
620 2874 755 2960 jubente
779 2875 980 2956 consistorio,
1001 2875 1158 2942 recitabit.
1202 2875 1340 2957 Judicia,
1356 2886 1393 2943 ut

132 2988 165 3044 et
187 2977 389 3043 definitiones
413 3000 470 3043 seu
492 2980 668 3044 sententias
688 2980 880 3059 consistorii,
894 2989 968 3045 ante
983 2989 1159 3046 rectoratus
1174 2982 1393 3064 mutationem,

132 3090 290 3170 praesente
312 3091 446 3162 rectore,
469 3084 503 3147 in
525 3083 656 3148 archivo
678 3082 829 3171 deponet.

493 3272 759 3338 duramentum
794 3272 1013 3339 secretarii.

217 3393 289 3478 Ego
316 3393 358 3458 N.
391 3393 432 3458 N.
463 3401 572 3458 sancte
605 3394 766 3480 polliceor,
799 3416 849 3459 me
876 3403 953 3481 post
975 3393 1076 3460 divini
1098 3395 1235 3460 nominis
1257 3395 1392 3481 gloriam

131 3505 229 3584 atque
262 3496 347 3562 illam
380 3497 475 3562 fidem
509 3505 542 3563 et
567 3498 809 3585 subjectionem,
835 3521 931 3586 quam
953 3498 1013 3564 8:ae
1035 3499 1103 3564 Rzae
1125 3499 1200 3564 M2ti
1223 3499 1336 3580 debeo,
1357 3499 1390 3564 in

131 3624 264 3667 munere
286 3601 363 3666 mihi
385 3601 577 3667 demandato
600 3602 768 3667 academias
791 3601 958 3668 commoda
974 3611 1007 3668 et
1022 3603 1186 3684 honorem,
1203 3625 1393 3690 quacunque

131 3705 165 3770 in
186 3728 221 3770 re
243 3713 367 3792 potero,
389 3704 501 3771 sedulo
524 3715 559 3770 et
578 3729 638 3793 pro
660 3706 745 3772 virili
767 3728 959 3793 promovere
981 3706 1080 3787 velle,
1100 3706 1319 3772 venerandum
1342 3731 1392 3773 se-

131 3817 242 3874 natum
276 3809 445 3875 academiae
479 3809 687 3898 ejusdemque
719 3819 887 3893 rectorem,
920 3810 1102 3876 reverentia
1134 3833 1204 3896 quae
1236 3833 1295 3897 par
1331 3819 1391 3895 est,

131 3922 377 4001 prosecuturum
411 3936 492 3994 esse,
525 3914 683 4001 officiique
711 3916 774 3980 mei
796 3923 914 4001 partes,
936 3924 1032 4002 prout
1053 3916 1086 3979 in
1109 3913 1392 3980 constitutionibus

132 4018 321 4084 academicis
345 4019 577 4105 exprimuntur,
599 4018 744 4084 studiose
766 4027 958 4084 curaturum.
996 4017 1187 4085 Consistorii
1210 4019 1288 4083 item
1311 4025 1393 4101 acta,

133 4122 394 4209 disceptationes,
426 4123 612 4206 sententias,
646 4123 716 4188 sive
753 4123 887 4188 schedas
921 4123 1010 4206 alias,
1044 4144 1235 4211 quocunque
1262 4123 1391 4188 nomine

131 4227 289 4311 venerint,
322 4249 388 4292 non
419 4227 482 4292 nisi
515 4249 587 4292 cum
619 4248 778 4292 consensu
803 4228 946 4308 rectoris,
977 4226 1047 4292 aliis
1077 4225 1392 4309 communicaturum,

132 4353 193 4396 nec
220 4329 261 4395 ad
287 4330 365 4395 talia
392 4331 425 4394 in
448 4353 541 4394 usum
563 4331 697 4395 aliorum
720 4330 946 4416 expromenda,
969 4331 1030 4396 nisi
1053 4331 1257 4416 magistratus
1280 4328 1393 4395 acade—
1489 4407 1492 4416 Ι

133 4435 207 4500 mici
235 4435 438 4516 authoritate,
460 4458 511 4500 me
534 4434 651 4499 adduci
672 4457 850 4522 passurum.
887 4435 1014 4500 Literas
1037 4456 1165 4522 quoque
1187 4441 1254 4498 tum
1278 4434 1392 4519 regias,

133 4547 203 4604 tum
236 4542 276 4607 ab
303 4539 472 4606 academiae
504 4540 690 4606 cancellario
713 4539 835 4622 aliisve,
859 4539 899 4606 dc
921 4540 1054 4626 alicujus
1077 4539 1231 4603 momenti
1253 4539 1392 4624 negotiis

135 4646 271 4731 scriptas
297 4643 435 4710 fideliter
461 4653 733 4726 conservaturum,
762 4666 821 4709 nec
848 4666 957 4709 earum
980 4642 1221 4707 distractionem
1244 4644 1270 4728 (ε
1294 4663 1393 4728 quan-

136 4757 204 4822 tum
232 4749 337 4823 inme
360 4749 485 4834 sueritzt
510 4748 732 4826 admissurum.
778 4747 1013 4822 Assiduitatcm
1036 4745 1185 4842 denique,
1206 4746 1393 4817 fidelitatem
