<?xml version="1.0" encoding="UTF-8"?>
<!DOCTYPE html PUBLIC "-//W3C//DTD XHTML 1.0 Transitional//EN"
    "http://www.w3.org/TR/xhtml1/DTD/xhtml1-transitional.dtd">
<html xmlns="http://www.w3.org/1999/xhtml" xml:lang="en" lang="en">
 <head>
  <title>
</title>
<meta http-equiv="Content-Type" content="text/html;charset=utf-8" />
  <meta name='ocr-system' content='tesseract 3.04.00' />
  <meta name='ocr-capabilities' content='ocr_page ocr_carea ocr_par ocr_line ocrx_word'/>
</head>
<body>
  <div class='ocr_page' id='page_1' title='image "./upsalauniversit00annegoog_0028.png"; bbox 0 0 3564 5624; ppageno 0'>
   <div class='ocr_carea' id='block_1_1' title="bbox 406 536 1203 604">
    <p class='ocr_par' dir='ltr' id='par_1_1' title="bbox 406 536 1203 604">
     <span class='ocr_line' id='line_1_1' title="bbox 406 536 1203 604; baseline 0.004 -4"><span class='ocrx_word' id='word_1_1' title='bbox 406 536 426 600; x_wconf 88' lang='lat'>4</span> <span class='ocrx_word' id='word_1_2' title='bbox 788 541 869 601; x_wconf 76' lang='lat'>1655</span> <span class='ocrx_word' id='word_1_3' title='bbox 893 541 938 601; x_wconf 78' lang='lat' dir='ltr'>trs</span> <span class='ocrx_word' id='word_1_4' title='bbox 962 542 1203 604; x_wconf 84' lang='lat' dir='ltr'>loastitntioner.</span> 
     </span>
    </p>
   </div>
   <div class='ocr_carea' id='block_1_2' title="bbox 362 722 1628 1125">
    <p class='ocr_par' dir='ltr' id='par_1_2' title="bbox 362 722 1628 1125">
     <span class='ocr_line' id='line_1_2' title="bbox 364 722 1628 813; baseline 0.006 -26"><span class='ocrx_word' id='word_1_5' title='bbox 364 722 491 788; x_wconf 89' lang='lat' dir='ltr'>holmiae</span> <span class='ocrx_word' id='word_1_6' title='bbox 514 725 778 811; x_wconf 71' lang='lat' dir='ltr'>comparebuntzl,</span> <span class='ocrx_word' id='word_1_7' title='bbox 795 725 954 813; x_wconf 89' lang='lat' dir='ltr'>judicabit</span> <span class='ocrx_word' id='word_1_8' title='bbox 976 733 1010 792; x_wconf 90' lang='lat' dir='ltr'>et</span> <span class='ocrx_word' id='word_1_9' title='bbox 1024 726 1160 794; x_wconf 83' lang='lat' dir='ltr'><strong>dirimet.</strong></span> <span class='ocrx_word' id='word_1_10' title='bbox 1199 727 1346 794; x_wconf 88' lang='lat' dir='ltr'>Dissidia</span> <span class='ocrx_word' id='word_1_11' title='bbox 1360 729 1444 796; x_wconf 90' lang='lat' dir='ltr'>inter</span> <span class='ocrx_word' id='word_1_12' title='bbox 1459 729 1628 795; x_wconf 84' lang='lat' dir='ltr'>academiae</span> 
     </span>
     <span class='ocr_line' id='line_1_3' title="bbox 362 827 1627 919; baseline 0.005 -27"><span class='ocrx_word' id='word_1_13' title='bbox 362 827 506 893; x_wconf 89' lang='lat' dir='ltr'>membra</span> <span class='ocrx_word' id='word_1_14' title='bbox 527 829 744 915; x_wconf 89' lang='lat' dir='ltr'>cujuscunque</span> <span class='ocrx_word' id='word_1_15' title='bbox 767 828 833 894; x_wconf 89' lang='lat' dir='ltr'>sint</span> <span class='ocrx_word' id='word_1_16' title='bbox 854 828 1048 897; x_wconf 89' lang='lat' dir='ltr'>conditionis</span> <span class='ocrx_word' id='word_1_17' title='bbox 1072 839 1151 915; x_wconf 87' lang='lat' dir='ltr'>orta,</span> <span class='ocrx_word' id='word_1_18' title='bbox 1180 855 1251 919; x_wconf 83' lang='lat' dir='ltr'>quae</span> <span class='ocrx_word' id='word_1_19' title='bbox 1273 855 1292 897; x_wconf 89' lang='lat' dir='ltr'>a</span> <span class='ocrx_word' id='word_1_20' title='bbox 1314 840 1438 898; x_wconf 87' lang='lat' dir='ltr'>rectore</span> <span class='ocrx_word' id='word_1_21' title='bbox 1460 843 1493 898; x_wconf 90' lang='lat' dir='ltr'>et</span> <span class='ocrx_word' id='word_1_22' title='bbox 1513 842 1627 898; x_wconf 88' lang='lat' dir='ltr'>senatu</span> 
     </span>
     <span class='ocr_line' id='line_1_4' title="bbox 364 933 1628 1022; baseline 0.004 -26"><span class='ocrx_word' id='word_1_23' title='bbox 364 954 429 996; x_wconf 91' lang='lat' dir='ltr'>non</span> <span class='ocrx_word' id='word_1_24' title='bbox 457 939 635 1018; x_wconf 90' lang='lat' dir='ltr'>potuerunt</span> <span class='ocrx_word' id='word_1_25' title='bbox 663 933 822 1019; x_wconf 89' lang='lat' dir='ltr'>componi,</span> <span class='ocrx_word' id='word_1_26' title='bbox 855 942 1037 1019; x_wconf 80' lang='lat' dir='ltr'>cognoscet,</span> <span class='ocrx_word' id='word_1_27' title='bbox 1070 935 1268 1022; x_wconf 82' lang='lat' dir='ltr'>comprimet,</span> <span class='ocrx_word' id='word_1_28' title='bbox 1300 935 1403 1017; x_wconf 89' lang='lat' dir='ltr'>tollet,</span> <span class='ocrx_word' id='word_1_29' title='bbox 1437 936 1628 1022; x_wconf 88' lang='lat' dir='ltr'>petulantes,</span> 
     </span>
     <span class='ocr_line' id='line_1_5' title="bbox 364 1035 1575 1125; baseline 0.003 -25"><span class='ocrx_word' id='word_1_30' title='bbox 364 1035 392 1100; x_wconf 89' lang='lat' dir='ltr'>si</span> <span class='ocrx_word' id='word_1_31' title='bbox 415 1056 450 1100; x_wconf 89' lang='lat' dir='ltr'>se</span> <span class='ocrx_word' id='word_1_32' title='bbox 472 1035 601 1116; x_wconf 84' lang='lat' dir='ltr'>rectori,</span> <span class='ocrx_word' id='word_1_33' title='bbox 624 1035 816 1101; x_wconf 89' lang='lat' dir='ltr'>consistorio</span> <span class='ocrx_word' id='word_1_34' title='bbox 839 1044 873 1101; x_wconf 89' lang='lat' dir='ltr'>et</span> <span class='ocrx_word' id='word_1_35' title='bbox 893 1036 1142 1125; x_wconf 87' lang='lat' dir='ltr'>procancellario</span> <span class='ocrx_word' id='word_1_36' title='bbox 1166 1039 1386 1125; x_wconf 88' lang='lat' dir='ltr'>opposuerint,</span> <span class='ocrx_word' id='word_1_37' title='bbox 1408 1038 1575 1105; x_wconf 69' lang='lat' dir='ltr'>coercebit.</span> 
     </span>
    </p>
   </div>
   <div class='ocr_carea' id='block_1_3' title="bbox 792 1224 1208 1314">
    <p class='ocr_par' dir='ltr' id='par_1_3' title="bbox 792 1224 1208 1314">
     <span class='ocr_line' id='line_1_6' title="bbox 792 1224 1208 1314; baseline 0.007 -23"><span class='ocrx_word' id='word_1_38' title='bbox 792 1224 850 1292; x_wconf 91' lang='lat' dir='ltr'>De</span> <span class='ocrx_word' id='word_1_39' title='bbox 878 1227 1208 1314; x_wconf 87' lang='lat' dir='ltr'>procancellario.</span> 
     </span>
    </p>
   </div>
   <div class='ocr_carea' id='block_1_4' title="bbox 364 1363 1633 2876">
    <p class='ocr_par' dir='ltr' id='par_1_4' title="bbox 451 1363 1587 1455">
     <span class='ocr_line' id='line_1_7' title="bbox 451 1363 1587 1455; baseline 0.003 -28"><span class='ocrx_word' id='word_1_40' title='bbox 451 1365 479 1430; x_wconf 89' lang='lat'>1.</span> <span class='ocrx_word' id='word_1_41' title='bbox 523 1363 794 1428; x_wconf 88' lang='lat' dir='ltr'>Procaneellarius</span> <span class='ocrx_word' id='word_1_42' title='bbox 817 1363 987 1431; x_wconf 88' lang='lat' dir='ltr'>academiae</span> <span class='ocrx_word' id='word_1_43' title='bbox 1009 1368 1072 1432; x_wconf 87' lang='lat' dir='ltr'>erit</span> <span class='ocrx_word' id='word_1_44' title='bbox 1092 1366 1351 1454; x_wconf 76' lang='lat' dir='ltr'>archiepiscopus</span> <span class='ocrx_word' id='word_1_45' title='bbox 1374 1367 1587 1455; x_wconf 88' lang='lat' dir='ltr'>Upsaliensis.</span> 
     </span>
    </p>

    <p class='ocr_par' dir='ltr' id='par_1_5' title="bbox 364 1466 1633 2876">
     <span class='ocr_line' id='line_1_8' title="bbox 452 1466 1628 1556; baseline 0.002 -24"><span class='ocrx_word' id='word_1_46' title='bbox 452 1471 481 1532; x_wconf 86' lang='lat'>2.</span> <span class='ocrx_word' id='word_1_47' title='bbox 527 1466 636 1552; x_wconf 88' lang='lat' dir='ltr'>Hujus</span> <span class='ocrx_word' id='word_1_48' title='bbox 663 1475 771 1552; x_wconf 89' lang='lat' dir='ltr'>partes</span> <span class='ocrx_word' id='word_1_49' title='bbox 799 1477 906 1534; x_wconf 90' lang='lat' dir='ltr'>erunt:</span> <span class='ocrx_word' id='word_1_50' title='bbox 944 1472 970 1534; x_wconf 93' lang='lat'>1.</span> <span class='ocrx_word' id='word_1_51' title='bbox 1000 1470 1146 1536; x_wconf 91' lang='lat' dir='ltr'>Absente</span> <span class='ocrx_word' id='word_1_52' title='bbox 1175 1470 1361 1535; x_wconf 84' lang='lat' dir='ltr'>cancellario</span> <span class='ocrx_word' id='word_1_53' title='bbox 1384 1491 1515 1556; x_wconf 90' lang='lat' dir='ltr'>operam</span> <span class='ocrx_word' id='word_1_54' title='bbox 1537 1491 1628 1535; x_wconf 88' lang='lat' dir='ltr'>suam</span> 
     </span>
     <span class='ocr_line' id='line_1_9' title="bbox 364 1570 1630 1658; baseline 0.001 -22"><span class='ocrx_word' id='word_1_55' title='bbox 364 1571 481 1638; x_wconf 84' lang='lat' dir='ltr'>rectori</span> <span class='ocrx_word' id='word_1_56' title='bbox 513 1579 546 1636; x_wconf 91' lang='lat' dir='ltr'>et</span> <span class='ocrx_word' id='word_1_57' title='bbox 575 1570 765 1635; x_wconf 88' lang='lat' dir='ltr'>consistorio</span> <span class='ocrx_word' id='word_1_58' title='bbox 787 1573 920 1658; x_wconf 89' lang='lat' dir='ltr'>petenti,</span> <span class='ocrx_word' id='word_1_59' title='bbox 941 1574 994 1638; x_wconf 92' lang='lat' dir='ltr'>vel</span> <span class='ocrx_word' id='word_1_60' title='bbox 1018 1573 1112 1656; x_wconf 88' lang='lat' dir='ltr'>ultro,</span> <span class='ocrx_word' id='word_1_61' title='bbox 1135 1596 1205 1638; x_wconf 89' lang='lat' dir='ltr'>cum</span> <span class='ocrx_word' id='word_1_62' title='bbox 1229 1573 1405 1639; x_wconf 88' lang='lat' dir='ltr'>necessitas</span> <span class='ocrx_word' id='word_1_63' title='bbox 1428 1579 1529 1658; x_wconf 87' lang='lat' dir='ltr'>urget,</span> <span class='ocrx_word' id='word_1_64' title='bbox 1550 1571 1630 1638; x_wconf 88' lang='lat' dir='ltr'>fide-</span> 
     </span>
     <span class='ocr_line' id='line_1_10' title="bbox 364 1674 1630 1763; baseline 0 -23"><span class='ocrx_word' id='word_1_65' title='bbox 364 1675 439 1740; x_wconf 88' lang='lat' dir='ltr'>liter</span> <span class='ocrx_word' id='word_1_66' title='bbox 467 1675 701 1740; x_wconf 88' lang='lat' dir='ltr'>communicare</span> <span class='ocrx_word' id='word_1_67' title='bbox 730 1675 763 1738; x_wconf 93' lang='lat' dir='ltr'>in</span> <span class='ocrx_word' id='word_1_68' title='bbox 791 1676 912 1757; x_wconf 87' lang='lat' dir='ltr'>litibus,</span> <span class='ocrx_word' id='word_1_69' title='bbox 934 1699 1005 1762; x_wconf 77' lang='lat' dir='ltr'>qua</span> <span class='ocrx_word' id='word_1_70' title='bbox 1027 1675 1069 1740; x_wconf 90' lang='lat' dir='ltr'>ad</span> <span class='ocrx_word' id='word_1_71' title='bbox 1086 1675 1344 1762; x_wconf 89' lang='lat' dir='ltr'>jurisdictionem</span> <span class='ocrx_word' id='word_1_72' title='bbox 1366 1674 1536 1740; x_wconf 77' lang='lat' dir='ltr'>academia</span> <span class='ocrx_word' id='word_1_73' title='bbox 1558 1699 1630 1763; x_wconf 89' lang='lat' dir='ltr'>per·</span> 
     </span>
     <span class='ocr_line' id='line_1_11' title="bbox 365 1777 1630 1865; baseline -0.001 -20"><span class='ocrx_word' id='word_1_74' title='bbox 365 1781 479 1860; x_wconf 89' lang='lat' dir='ltr'>tinent,</span> <span class='ocrx_word' id='word_1_75' title='bbox 509 1777 706 1843; x_wconf 86' lang='lat' dir='ltr'>dirimendis.</span> <span class='ocrx_word' id='word_1_76' title='bbox 753 1783 782 1846; x_wconf 88' lang='lat'>2.</span> <span class='ocrx_word' id='word_1_77' title='bbox 815 1779 994 1865; x_wconf 77' lang='lat' dir='ltr'>Explorate</span> <span class='ocrx_word' id='word_1_78' title='bbox 1022 1778 1205 1845; x_wconf 87' lang='lat' dir='ltr'>docentium</span> <span class='ocrx_word' id='word_1_79' title='bbox 1234 1788 1268 1845; x_wconf 92' lang='lat' dir='ltr'>et</span> <span class='ocrx_word' id='word_1_80' title='bbox 1295 1779 1486 1844; x_wconf 86' lang='lat' dir='ltr'>discentium</span> <span class='ocrx_word' id='word_1_81' title='bbox 1511 1778 1630 1858; x_wconf 90' lang='lat' dir='ltr'>studia,</span> 
     </span>
     <span class='ocr_line' id='line_1_12' title="bbox 366 1881 1629 1969; baseline -0.002 -20"><span class='ocrx_word' id='word_1_82' title='bbox 366 1884 492 1949; x_wconf 88' lang='lat' dir='ltr'>labores</span> <span class='ocrx_word' id='word_1_83' title='bbox 523 1890 557 1947; x_wconf 91' lang='lat' dir='ltr'>et</span> <span class='ocrx_word' id='word_1_84' title='bbox 583 1903 689 1946; x_wconf 86' lang='lat' dir='ltr'>mores</span> <span class='ocrx_word' id='word_1_85' title='bbox 720 1889 754 1946; x_wconf 92' lang='lat' dir='ltr'>et</span> <span class='ocrx_word' id='word_1_86' title='bbox 782 1882 936 1967; x_wconf 86' lang='lat' dir='ltr'>singulos,</span> <span class='ocrx_word' id='word_1_87' title='bbox 953 1882 990 1948; x_wconf 84' lang='lat' dir='ltr'>si</span> <span class='ocrx_word' id='word_1_88' title='bbox 1021 1882 1074 1948; x_wconf 91' lang='lat' dir='ltr'>vel</span> <span class='ocrx_word' id='word_1_89' title='bbox 1102 1883 1302 1969; x_wconf 80' lang='lat' dir='ltr'>negligentes</span> <span class='ocrx_word' id='word_1_90' title='bbox 1325 1883 1447 1948; x_wconf 87' lang='lat' dir='ltr'>fuerint</span> <span class='ocrx_word' id='word_1_91' title='bbox 1469 1882 1521 1946; x_wconf 89' lang='lat' dir='ltr'>vel</span> <span class='ocrx_word' id='word_1_92' title='bbox 1548 1881 1629 1947; x_wconf 89' lang='lat' dir='ltr'>alias</span> 
     </span>
     <span class='ocr_line' id='line_1_13' title="bbox 366 1983 1632 2072; baseline -0.002 -20"><span class='ocrx_word' id='word_1_93' title='bbox 366 1986 570 2072; x_wconf 88' lang='lat' dir='ltr'>deliquerint,</span> <span class='ocrx_word' id='word_1_94' title='bbox 598 1985 647 2050; x_wconf 93' lang='lat' dir='ltr'>sui</span> <span class='ocrx_word' id='word_1_95' title='bbox 675 1985 771 2050; x_wconf 88' lang='lat' dir='ltr'>officii</span> <span class='ocrx_word' id='word_1_96' title='bbox 800 1986 938 2072; x_wconf 91' lang='lat' dir='ltr'>primum</span> <span class='ocrx_word' id='word_1_97' title='bbox 968 2009 1026 2072; x_wconf 92' lang='lat' dir='ltr'>per</span> <span class='ocrx_word' id='word_1_98' title='bbox 1051 1985 1208 2050; x_wconf 88' lang='lat' dir='ltr'>decanum</span> <span class='ocrx_word' id='word_1_99' title='bbox 1228 1986 1281 2052; x_wconf 89' lang='lat' dir='ltr'>vel</span> <span class='ocrx_word' id='word_1_100' title='bbox 1304 1994 1470 2064; x_wconf 91' lang='lat' dir='ltr'>rectorem,</span> <span class='ocrx_word' id='word_1_101' title='bbox 1502 1983 1632 2064; x_wconf 88' lang='lat' dir='ltr'>deinde,</span> 
     </span>
     <span class='ocr_line' id='line_1_14' title="bbox 366 2088 1627 2176; baseline -0.002 -22"><span class='ocrx_word' id='word_1_102' title='bbox 366 2090 394 2154; x_wconf 91' lang='lat' dir='ltr'>si</span> <span class='ocrx_word' id='word_1_103' title='bbox 422 2111 474 2154; x_wconf 90' lang='lat' dir='ltr'>res</span> <span class='ocrx_word' id='word_1_104' title='bbox 504 2089 729 2174; x_wconf 82' lang='lat' dir='ltr'>postulaverit,</span> <span class='ocrx_word' id='word_1_105' title='bbox 757 2111 873 2170; x_wconf 88' lang='lat' dir='ltr'>coram,</span> <span class='ocrx_word' id='word_1_106' title='bbox 901 2090 971 2154; x_wconf 88' lang='lat' dir='ltr'>sive</span> <span class='ocrx_word' id='word_1_107' title='bbox 999 2089 1150 2176; x_wconf 89' lang='lat' dir='ltr'>privatim</span> <span class='ocrx_word' id='word_1_108' title='bbox 1181 2090 1251 2154; x_wconf 85' lang='lat' dir='ltr'>sive</span> <span class='ocrx_word' id='word_1_109' title='bbox 1273 2091 1307 2152; x_wconf 92' lang='lat' dir='ltr'>in</span> <span class='ocrx_word' id='word_1_110' title='bbox 1329 2088 1520 2154; x_wconf 83' lang='lat' dir='ltr'>consistorio</span> <span class='ocrx_word' id='word_1_111' title='bbox 1551 2111 1627 2173; x_wconf 87' lang='lat' dir='ltr'>gra-</span> 
     </span>
     <span class='ocr_line' id='line_1_15' title="bbox 365 2191 1630 2278; baseline -0.003 -18"><span class='ocrx_word' id='word_1_112' title='bbox 365 2193 450 2260; x_wconf 90' lang='lat' dir='ltr'>viter</span> <span class='ocrx_word' id='word_1_113' title='bbox 472 2191 653 2257; x_wconf 91' lang='lat' dir='ltr'>admonere.</span> <span class='ocrx_word' id='word_1_114' title='bbox 699 2196 728 2257; x_wconf 88' lang='lat'>3.</span> <span class='ocrx_word' id='word_1_115' title='bbox 764 2191 996 2257; x_wconf 84' lang='lat' dir='ltr'>Cancellarium</span> <span class='ocrx_word' id='word_1_116' title='bbox 1019 2192 1187 2256; x_wconf 87' lang='lat' dir='ltr'>certiorem</span> <span class='ocrx_word' id='word_1_117' title='bbox 1210 2192 1325 2271; x_wconf 87' lang='lat' dir='ltr'>facere,</span> <span class='ocrx_word' id='word_1_118' title='bbox 1347 2192 1374 2257; x_wconf 91' lang='lat' dir='ltr'>si</span> <span class='ocrx_word' id='word_1_119' title='bbox 1390 2191 1541 2266; x_wconf 87' lang='lat' dir='ltr'>incidant,</span> <span class='ocrx_word' id='word_1_120' title='bbox 1557 2215 1630 2278; x_wconf 85' lang='lat' dir='ltr'>quae</span> 
     </span>
     <span class='ocr_line' id='line_1_16' title="bbox 365 2294 1631 2382; baseline -0.002 -20"><span class='ocrx_word' id='word_1_121' title='bbox 365 2295 535 2362; x_wconf 87' lang='lat' dir='ltr'>academiae</span> <span class='ocrx_word' id='word_1_122' title='bbox 564 2294 690 2360; x_wconf 87' lang='lat' dir='ltr'>officere</span> <span class='ocrx_word' id='word_1_123' title='bbox 717 2297 853 2381; x_wconf 85' lang='lat' dir='ltr'>possint,</span> <span class='ocrx_word' id='word_1_124' title='bbox 886 2317 1020 2382; x_wconf 85' lang='lat' dir='ltr'>quaeque</span> <span class='ocrx_word' id='word_1_125' title='bbox 1048 2295 1089 2360; x_wconf 92' lang='lat' dir='ltr'>ab</span> <span class='ocrx_word' id='word_1_126' title='bbox 1116 2316 1155 2358; x_wconf 93' lang='lat' dir='ltr'>eo</span> <span class='ocrx_word' id='word_1_127' title='bbox 1183 2301 1216 2358; x_wconf 91' lang='lat' dir='ltr'>et</span> <span class='ocrx_word' id='word_1_128' title='bbox 1245 2303 1358 2359; x_wconf 90' lang='lat' dir='ltr'>senatu</span> <span class='ocrx_word' id='word_1_129' title='bbox 1388 2295 1550 2360; x_wconf 90' lang='lat' dir='ltr'>emendari</span> <span class='ocrx_word' id='word_1_130' title='bbox 1573 2319 1631 2360; x_wconf 91' lang='lat' dir='ltr'>ne-</span> 
     </span>
     <span class='ocr_line' id='line_1_17' title="bbox 366 2397 1632 2487; baseline -0.002 -22"><span class='ocrx_word' id='word_1_131' title='bbox 366 2407 493 2487; x_wconf 89' lang='lat' dir='ltr'>queant.</span> <span class='ocrx_word' id='word_1_132' title='bbox 538 2403 568 2463; x_wconf 88' lang='grc'>4.</span> <span class='ocrx_word' id='word_1_133' title='bbox 601 2398 761 2485; x_wconf 91' lang='lat' dir='ltr'>Denique,</span> <span class='ocrx_word' id='word_1_134' title='bbox 788 2399 815 2464; x_wconf 90' lang='lat' dir='ltr'>si</span> <span class='ocrx_word' id='word_1_135' title='bbox 843 2407 948 2464; x_wconf 88' lang='lat' dir='ltr'>rector</span> <span class='ocrx_word' id='word_1_136' title='bbox 969 2397 1168 2484; x_wconf 87' lang='lat' dir='ltr'>negligenter</span> <span class='ocrx_word' id='word_1_137' title='bbox 1189 2404 1245 2461; x_wconf 90' lang='lat' dir='ltr'>aut</span> <span class='ocrx_word' id='word_1_138' title='bbox 1267 2419 1419 2482; x_wconf 85' lang='lat' dir='ltr'>perverse</span> <span class='ocrx_word' id='word_1_139' title='bbox 1442 2420 1493 2462; x_wconf 90' lang='lat' dir='ltr'>res</span> <span class='ocrx_word' id='word_1_140' title='bbox 1516 2397 1632 2463; x_wconf 89' lang='lat' dir='ltr'>acade-</span> 
     </span>
     <span class='ocr_line' id='line_1_18' title="bbox 367 2500 1632 2589; baseline -0.004 -19"><span class='ocrx_word' id='word_1_141' title='bbox 367 2504 437 2570; x_wconf 91' lang='lat' dir='ltr'>miae</span> <span class='ocrx_word' id='word_1_142' title='bbox 459 2502 654 2582; x_wconf 80' lang='lat' dir='ltr'>tractaverit,</span> <span class='ocrx_word' id='word_1_143' title='bbox 678 2503 747 2569; x_wconf 91' lang='lat' dir='ltr'>sive</span> <span class='ocrx_word' id='word_1_144' title='bbox 770 2525 828 2589; x_wconf 91' lang='lat' dir='ltr'>per</span> <span class='ocrx_word' id='word_1_145' title='bbox 850 2525 885 2567; x_wconf 92' lang='lat' dir='ltr'>se</span> <span class='ocrx_word' id='word_1_146' title='bbox 907 2502 1023 2588; x_wconf 89' lang='lat' dir='ltr'>ipsum,</span> <span class='ocrx_word' id='word_1_147' title='bbox 1046 2501 1115 2566; x_wconf 90' lang='lat' dir='ltr'>sive</span> <span class='ocrx_word' id='word_1_148' title='bbox 1138 2523 1196 2587; x_wconf 90' lang='lat' dir='ltr'>per</span> <span class='ocrx_word' id='word_1_149' title='bbox 1218 2500 1324 2580; x_wconf 86' lang='lat' dir='ltr'>alium,</span> <span class='ocrx_word' id='word_1_150' title='bbox 1347 2523 1442 2585; x_wconf 89' lang='lat' dir='ltr'>quem</span> <span class='ocrx_word' id='word_1_151' title='bbox 1465 2524 1536 2564; x_wconf 91' lang='lat' dir='ltr'>oum</span> <span class='ocrx_word' id='word_1_152' title='bbox 1554 2523 1632 2565; x_wconf 91' lang='lat' dir='ltr'>con-</span> 
     </span>
     <span class='ocr_line' id='line_1_19' title="bbox 366 2602 1633 2684; baseline -0.003 -12"><span class='ocrx_word' id='word_1_153' title='bbox 366 2629 464 2672; x_wconf 90' lang='lat' dir='ltr'>sensu</span> <span class='ocrx_word' id='word_1_154' title='bbox 491 2605 674 2670; x_wconf 88' lang='lat' dir='ltr'>consistorii</span> <span class='ocrx_word' id='word_1_155' title='bbox 704 2607 738 2671; x_wconf 93' lang='lat' dir='ltr'>in</span> <span class='ocrx_word' id='word_1_156' title='bbox 764 2606 870 2671; x_wconf 89' lang='lat' dir='ltr'>locum</span> <span class='ocrx_word' id='word_1_157' title='bbox 892 2627 985 2670; x_wconf 93' lang='lat' dir='ltr'>suum</span> <span class='ocrx_word' id='word_1_158' title='bbox 1008 2604 1221 2684; x_wconf 90' lang='lat' dir='ltr'>substituerit,</span> <span class='ocrx_word' id='word_1_159' title='bbox 1244 2602 1284 2668; x_wconf 89' lang='lat' dir='ltr'>de</span> <span class='ocrx_word' id='word_1_160' title='bbox 1307 2605 1387 2668; x_wconf 89' lang='lat' dir='ltr'>actis</span> <span class='ocrx_word' id='word_1_161' title='bbox 1410 2604 1543 2668; x_wconf 86' lang='lat' dir='ltr'>rectoris</span> <span class='ocrx_word' id='word_1_162' title='bbox 1566 2627 1633 2668; x_wconf 87' lang='lat' dir='ltr'>una</span> 
     </span>
     <span class='ocr_line' id='line_1_20' title="bbox 365 2707 1632 2796; baseline -0.001 -22"><span class='ocrx_word' id='word_1_163' title='bbox 365 2731 437 2774; x_wconf 89' lang='lat' dir='ltr'>cum</span> <span class='ocrx_word' id='word_1_164' title='bbox 467 2708 658 2773; x_wconf 89' lang='lat' dir='ltr'>consistorio</span> <span class='ocrx_word' id='word_1_165' title='bbox 688 2731 882 2796; x_wconf 85' lang='lat' dir='ltr'>cognoscere</span> <span class='ocrx_word' id='word_1_166' title='bbox 912 2717 945 2772; x_wconf 91' lang='lat' dir='ltr'>et</span> <span class='ocrx_word' id='word_1_167' title='bbox 967 2707 1113 2795; x_wconf 89' lang='lat' dir='ltr'>judicare</span> <span class='ocrx_word' id='word_1_168' title='bbox 1141 2715 1247 2793; x_wconf 87' lang='lat' dir='ltr'>atque,</span> <span class='ocrx_word' id='word_1_169' title='bbox 1278 2707 1306 2771; x_wconf 92' lang='lat' dir='ltr'>si</span> <span class='ocrx_word' id='word_1_170' title='bbox 1334 2728 1416 2793; x_wconf 89' lang='lat' dir='ltr'>opus</span> <span class='ocrx_word' id='word_1_171' title='bbox 1443 2707 1550 2792; x_wconf 87' lang='lat' dir='ltr'>fuerit,</span> <span class='ocrx_word' id='word_1_172' title='bbox 1587 2708 1632 2773; x_wconf 88' lang='lat' dir='ltr'>ad</span> 
     </span>
     <span class='ocr_line' id='line_1_21' title="bbox 366 2809 743 2876; baseline 0 0"><span class='ocrx_word' id='word_1_173' title='bbox 366 2809 591 2876; x_wconf 87' lang='lat' dir='ltr'>cancellarium</span> <span class='ocrx_word' id='word_1_174' title='bbox 613 2810 743 2876; x_wconf 84' lang='lat' dir='ltr'>referre.</span> 
     </span>
    </p>
   </div>
   <div class='ocr_carea' id='block_1_5' title="bbox 883 3121 1101 3204">
    <p class='ocr_par' dir='ltr' id='par_1_6' title="bbox 883 3121 1101 3204">
     <span class='ocr_line' id='line_1_22' title="bbox 883 3121 1101 3204; baseline -0.005 -19"><span class='ocrx_word' id='word_1_175' title='bbox 883 3121 989 3204; x_wconf 80' lang='lat' dir='ltr'>Cap.</span> <span class='ocrx_word' id='word_1_176' title='bbox 1016 3123 1101 3187; x_wconf 93' lang='lat' dir='ltr'><strong>III.</strong></span> 
     </span>
    </p>
   </div>
   <div class='ocr_carea' id='block_1_6' title="bbox 593 3278 1396 3364">
    <p class='ocr_par' dir='ltr' id='par_1_7' title="bbox 593 3278 1396 3364">
     <span class='ocr_line' id='line_1_23' title="bbox 593 3278 1396 3364; baseline 0.002 -21"><span class='ocrx_word' id='word_1_177' title='bbox 593 3279 643 3344; x_wconf 87' lang='lat' dir='ltr'>De</span> <span class='ocrx_word' id='word_1_178' title='bbox 665 3278 858 3344; x_wconf 76' lang='lat' dir='ltr'>consistorio</span> <span class='ocrx_word' id='word_1_179' title='bbox 881 3278 1007 3364; x_wconf 77' lang='lat' dir='ltr'>dseplici</span> <span class='ocrx_word' id='word_1_180' title='bbox 1029 3285 1059 3343; x_wconf 87' lang='lat' dir='ltr'>et</span> <span class='ocrx_word' id='word_1_181' title='bbox 1080 3279 1254 3363; x_wconf 78' lang='lat' dir='ltr'>utriusque</span> <span class='ocrx_word' id='word_1_182' title='bbox 1276 3280 1396 3364; x_wconf 75' lang='lat' dir='ltr'>officio,</span> 
     </span>
    </p>
   </div>
   <div class='ocr_carea' id='block_1_7' title="bbox 364 3451 1634 4775">
    <p class='ocr_par' dir='ltr' id='par_1_8' title="bbox 366 3451 1631 3646">
     <span class='ocr_line' id='line_1_24' title="bbox 454 3451 1631 3537; baseline 0 -19"><span class='ocrx_word' id='word_1_183' title='bbox 454 3457 480 3518; x_wconf 93' lang='grc'>1.</span> <span class='ocrx_word' id='word_1_184' title='bbox 528 3453 604 3517; x_wconf 88' lang='lat' dir='ltr'>Duo</span> <span class='ocrx_word' id='word_1_185' title='bbox 638 3461 733 3518; x_wconf 90' lang='lat' dir='ltr'>erunt</span> <span class='ocrx_word' id='word_1_186' title='bbox 765 3453 958 3518; x_wconf 86' lang='lat' dir='ltr'>consistoria</span> <span class='ocrx_word' id='word_1_187' title='bbox 991 3451 1178 3535; x_wconf 88' lang='lat' dir='ltr'>academica,</span> <span class='ocrx_word' id='word_1_188' title='bbox 1212 3453 1316 3518; x_wconf 91' lang='lat' dir='ltr'>minus</span> <span class='ocrx_word' id='word_1_189' title='bbox 1351 3475 1458 3537; x_wconf 88' lang='lat' dir='ltr'>unum,</span> <span class='ocrx_word' id='word_1_190' title='bbox 1492 3454 1631 3520; x_wconf 88' lang='lat' dir='ltr'>alterum</span> 
     </span>
     <span class='ocr_line' id='line_1_25' title="bbox 366 3561 479 3646; baseline -0.018 -22"><span class='ocrx_word' id='word_1_191' title='bbox 366 3561 479 3646; x_wconf 87' lang='lat' dir='ltr'>majus.</span> 
     </span>
    </p>

    <p class='ocr_par' dir='ltr' id='par_1_9' title="bbox 364 3656 1634 4058">
     <span class='ocr_line' id='line_1_26' title="bbox 452 3656 1634 3743; baseline -0.003 -18"><span class='ocrx_word' id='word_1_192' title='bbox 452 3665 482 3726; x_wconf 88' lang='grc'>2.</span> <span class='ocrx_word' id='word_1_193' title='bbox 527 3660 567 3724; x_wconf 92' lang='lat' dir='ltr'>In</span> <span class='ocrx_word' id='word_1_194' title='bbox 597 3659 712 3724; x_wconf 91' lang='lat' dir='ltr'>minori</span> <span class='ocrx_word' id='word_1_195' title='bbox 739 3657 856 3723; x_wconf 88' lang='lat' dir='ltr'>rectori</span> <span class='ocrx_word' id='word_1_196' title='bbox 879 3656 1068 3722; x_wconf 88' lang='lat' dir='ltr'>assidebunt</span> <span class='ocrx_word' id='word_1_197' title='bbox 1090 3658 1235 3743; x_wconf 90' lang='lat' dir='ltr'>quolibet</span> <span class='ocrx_word' id='word_1_198' title='bbox 1256 3659 1404 3724; x_wconf 86' lang='lat' dir='ltr'>semestri</span> <span class='ocrx_word' id='word_1_199' title='bbox 1428 3679 1509 3722; x_wconf 91' lang='lat' dir='ltr'>unus</span> <span class='ocrx_word' id='word_1_200' title='bbox 1537 3658 1634 3722; x_wconf 90' lang='lat' dir='ltr'>theo-</span> 
     </span>
     <span class='ocr_line' id='line_1_27' title="bbox 364 3758 1632 3850; baseline -0.002 -20"><span class='ocrx_word' id='word_1_201' title='bbox 364 3765 468 3850; x_wconf 89' lang='lat' dir='ltr'>logus,</span> <span class='ocrx_word' id='word_1_202' title='bbox 498 3785 537 3828; x_wconf 83' lang='lat' dir='ltr'>ex</span> <span class='ocrx_word' id='word_1_203' title='bbox 564 3762 716 3827; x_wconf 85' lang='lat' dir='ltr'>facultate</span> <span class='ocrx_word' id='word_1_204' title='bbox 740 3759 879 3849; x_wconf 87' lang='lat' dir='ltr'>juridica</span> <span class='ocrx_word' id='word_1_205' title='bbox 908 3767 940 3824; x_wconf 91' lang='lat' dir='ltr'>et</span> <span class='ocrx_word' id='word_1_206' title='bbox 967 3758 1092 3824; x_wconf 90' lang='lat' dir='ltr'>medica</span> <span class='ocrx_word' id='word_1_207' title='bbox 1119 3783 1212 3841; x_wconf 74' lang='lat' dir='ltr'>arnus,</span> <span class='ocrx_word' id='word_1_208' title='bbox 1239 3783 1279 3826; x_wconf 86' lang='lat' dir='ltr'>ex</span> <span class='ocrx_word' id='word_1_209' title='bbox 1306 3760 1457 3826; x_wconf 82' lang='lat' dir='ltr'>facultate</span> <span class='ocrx_word' id='word_1_210' title='bbox 1486 3760 1632 3847; x_wconf 88' lang='lat' dir='ltr'>philoso-</span> 
     </span>
     <span class='ocr_line' id='line_1_28' title="bbox 365 3864 1630 3954; baseline -0.002 -24"><span class='ocrx_word' id='word_1_211' title='bbox 365 3867 460 3954; x_wconf 86' lang='lat' dir='ltr'>phica</span> <span class='ocrx_word' id='word_1_212' title='bbox 493 3864 568 3942; x_wconf 91' lang='lat' dir='ltr'>bini,</span> <span class='ocrx_word' id='word_1_213' title='bbox 601 3873 634 3930; x_wconf 87' lang='lat' dir='ltr'>at</span> <span class='ocrx_word' id='word_1_214' title='bbox 667 3866 700 3930; x_wconf 89' lang='lat' dir='ltr'>in</span> <span class='ocrx_word' id='word_1_215' title='bbox 733 3864 837 3930; x_wconf 88' lang='lat' dir='ltr'>causis</span> <span class='ocrx_word' id='word_1_216' title='bbox 865 3864 1008 3928; x_wconf 85' lang='lat' dir='ltr'>aerarium</span> <span class='ocrx_word' id='word_1_217' title='bbox 1040 3864 1304 3929; x_wconf 87' lang='lat' dir='ltr'>concernentibus</span> <span class='ocrx_word' id='word_1_218' title='bbox 1335 3864 1532 3950; x_wconf 90' lang='lat' dir='ltr'>inspectores</span> <span class='ocrx_word' id='word_1_219' title='bbox 1556 3887 1630 3928; x_wconf 89' lang='lat' dir='ltr'>eum</span> 
     </span>
     <span class='ocr_line' id='line_1_29' title="bbox 365 3963 1211 4058; baseline -0.004 -23"><span class='ocrx_word' id='word_1_220' title='bbox 365 3978 532 4058; x_wconf 87' lang='lat' dir='ltr'>quaestore.</span> <span class='ocrx_word' id='word_1_221' title='bbox 1202 3963 1211 3978; x_wconf 89' lang='lat'>&#39;</span> 
     </span>
    </p>

    <p class='ocr_par' dir='ltr' id='par_1_10' title="bbox 364 4069 1633 4673">
     <span class='ocr_line' id='line_1_30' title="bbox 453 4069 1631 4149; baseline -0.001 -13"><span class='ocrx_word' id='word_1_222' title='bbox 453 4075 481 4136; x_wconf 88' lang='lat'>3.</span> <span class='ocrx_word' id='word_1_223' title='bbox 526 4069 668 4135; x_wconf 88' lang='lat' dir='ltr'>Istorum</span> <span class='ocrx_word' id='word_1_224' title='bbox 691 4069 831 4135; x_wconf 88' lang='lat' dir='ltr'>officium</span> <span class='ocrx_word' id='word_1_225' title='bbox 854 4071 915 4136; x_wconf 89' lang='lat' dir='ltr'>erit</span> <span class='ocrx_word' id='word_1_226' title='bbox 937 4071 1053 4136; x_wconf 89' lang='lat' dir='ltr'>rectori</span> <span class='ocrx_word' id='word_1_227' title='bbox 1076 4071 1202 4134; x_wconf 81' lang='lat' dir='ltr'>voranti</span> <span class='ocrx_word' id='word_1_228' title='bbox 1226 4069 1348 4149; x_wconf 90' lang='lat' dir='ltr'>adesse,</span> <span class='ocrx_word' id='word_1_229' title='bbox 1371 4091 1482 4134; x_wconf 89' lang='lat' dir='ltr'>causas</span> <span class='ocrx_word' id='word_1_230' title='bbox 1507 4078 1540 4134; x_wconf 90' lang='lat' dir='ltr'>et</span> <span class='ocrx_word' id='word_1_231' title='bbox 1554 4070 1631 4136; x_wconf 89' lang='lat' dir='ltr'>lites</span> 
     </span>
     <span class='ocr_line' id='line_1_31' title="bbox 366 4174 1631 4266; baseline -0.002 -25"><span class='ocrx_word' id='word_1_232' title='bbox 366 4174 571 4266; x_wconf 66' lang='lat' dir='ltr'>academicae,</span> <span class='ocrx_word' id='word_1_233' title='bbox 595 4195 665 4259; x_wconf 76' lang='lat' dir='ltr'>quaa</span> <span class='ocrx_word' id='word_1_234' title='bbox 688 4195 707 4237; x_wconf 88' lang='lat' dir='ltr'>a</span> <span class='ocrx_word' id='word_1_235' title='bbox 728 4182 852 4239; x_wconf 88' lang='lat' dir='ltr'>rectore</span> <span class='ocrx_word' id='word_1_236' title='bbox 876 4174 1026 4260; x_wconf 89' lang='lat' dir='ltr'>privatim</span> <span class='ocrx_word' id='word_1_237' title='bbox 1052 4175 1201 4259; x_wconf 87' lang='lat' dir='ltr'>componi</span> <span class='ocrx_word' id='word_1_238' title='bbox 1215 4196 1279 4238; x_wconf 94' lang='lat' dir='ltr'>non</span> <span class='ocrx_word' id='word_1_239' title='bbox 1296 4182 1432 4259; x_wconf 88' lang='lat' dir='ltr'>possunt</span> <span class='ocrx_word' id='word_1_240' title='bbox 1447 4180 1480 4237; x_wconf 91' lang='lat' dir='ltr'>et</span> <span class='ocrx_word' id='word_1_241' title='bbox 1494 4195 1631 4259; x_wconf 89' lang='lat' dir='ltr'>quarum</span> 
     </span>
     <span class='ocr_line' id='line_1_32' title="bbox 367 4275 1633 4363; baseline -0.001 -20"><span class='ocrx_word' id='word_1_242' title='bbox 367 4278 538 4344; x_wconf 71' lang='lat' dir='ltr'>aestimatio</span> <span class='ocrx_word' id='word_1_243' title='bbox 561 4275 772 4362; x_wconf 89' lang='lat' dir='ltr'>quadraginta</span> <span class='ocrx_word' id='word_1_244' title='bbox 795 4277 934 4363; x_wconf 91' lang='lat' dir='ltr'>quinque</span> <span class='ocrx_word' id='word_1_245' title='bbox 957 4276 1097 4341; x_wconf 85' lang='lat' dir='ltr'>thaleros</span> <span class='ocrx_word' id='word_1_246' title='bbox 1120 4300 1183 4342; x_wconf 91' lang='lat' dir='ltr'>non</span> <span class='ocrx_word' id='word_1_247' title='bbox 1201 4278 1383 4356; x_wconf 88' lang='lat' dir='ltr'>excesserit,</span> <span class='ocrx_word' id='word_1_248' title='bbox 1399 4276 1579 4341; x_wconf 84' lang='lat' dir='ltr'>examinare</span> <span class='ocrx_word' id='word_1_249' title='bbox 1596 4287 1633 4342; x_wconf 91' lang='lat' dir='ltr'>et</span> 
     </span>
     <span class='ocr_line' id='line_1_33' title="bbox 367 4378 1631 4468; baseline 0 -23"><span class='ocrx_word' id='word_1_250' title='bbox 367 4379 556 4468; x_wconf 89' lang='lat' dir='ltr'>dijudicare:</span> <span class='ocrx_word' id='word_1_251' title='bbox 580 4378 744 4445; x_wconf 89' lang='lat' dir='ltr'>studiosos</span> <span class='ocrx_word' id='word_1_252' title='bbox 768 4388 801 4445; x_wconf 92' lang='lat' dir='ltr'>et</span> <span class='ocrx_word' id='word_1_253' title='bbox 823 4388 937 4444; x_wconf 89' lang='lat' dir='ltr'>caetera</span> <span class='ocrx_word' id='word_1_254' title='bbox 957 4378 1127 4444; x_wconf 71' lang='lat' dir='ltr'>academiae</span> <span class='ocrx_word' id='word_1_255' title='bbox 1151 4381 1293 4445; x_wconf 88' lang='lat' dir='ltr'>membra</span> <span class='ocrx_word' id='word_1_256' title='bbox 1307 4380 1459 4444; x_wconf 86' lang='lat' dir='ltr'>inferiora</span> <span class='ocrx_word' id='word_1_257' title='bbox 1473 4381 1505 4445; x_wconf 93' lang='lat' dir='ltr'>in</span> <span class='ocrx_word' id='word_1_258' title='bbox 1523 4381 1631 4446; x_wconf 87' lang='lat' dir='ltr'>officio</span> 
     </span>
     <span class='ocr_line' id='line_1_34' title="bbox 364 4483 1631 4569; baseline -0.001 -19"><span class='ocrx_word' id='word_1_259' title='bbox 364 4484 539 4561; x_wconf 90' lang='lat' dir='ltr'>continere,</span> <span class='ocrx_word' id='word_1_260' title='bbox 562 4505 620 4546; x_wconf 90' lang='lat' dir='ltr'>nec</span> <span class='ocrx_word' id='word_1_261' title='bbox 643 4506 706 4548; x_wconf 91' lang='lat' dir='ltr'>non</span> <span class='ocrx_word' id='word_1_262' title='bbox 730 4506 852 4566; x_wconf 87' lang='lat' dir='ltr'>causas,</span> <span class='ocrx_word' id='word_1_263' title='bbox 875 4506 954 4569; x_wconf 90' lang='lat' dir='ltr'>quas</span> <span class='ocrx_word' id='word_1_264' title='bbox 978 4483 1175 4568; x_wconf 88' lang='lat' dir='ltr'>inspectores</span> <span class='ocrx_word' id='word_1_265' title='bbox 1199 4505 1271 4547; x_wconf 91' lang='lat' dir='ltr'>cnm</span> <span class='ocrx_word' id='word_1_266' title='bbox 1293 4491 1452 4568; x_wconf 83' lang='lat' dir='ltr'>quaestore</span> <span class='ocrx_word' id='word_1_267' title='bbox 1475 4483 1631 4569; x_wconf 87' lang='lat' dir='ltr'>expedire</span> 
     </span>
     <span class='ocr_line' id='line_1_35' title="bbox 366 4587 753 4673; baseline -0.003 -21"><span class='ocrx_word' id='word_1_268' title='bbox 366 4594 538 4673; x_wconf 88' lang='lat' dir='ltr'>nequeunt,</span> <span class='ocrx_word' id='word_1_269' title='bbox 563 4587 753 4651; x_wconf 83' lang='lat' dir='ltr'>examinare.</span> 
     </span>
    </p>

    <p class='ocr_par' dir='ltr' id='par_1_11' title="bbox 446 4687 1632 4775">
     <span class='ocr_line' id='line_1_36' title="bbox 446 4687 1632 4775; baseline 0.001 -22"><span class='ocrx_word' id='word_1_270' title='bbox 446 4691 476 4753; x_wconf 86' lang='grc'>4.</span> <span class='ocrx_word' id='word_1_271' title='bbox 524 4687 630 4775; x_wconf 90' lang='lat' dir='ltr'>Majus</span> <span class='ocrx_word' id='word_1_272' title='bbox 660 4713 737 4754; x_wconf 89' lang='lat' dir='ltr'>vero</span> <span class='ocrx_word' id='word_1_273' title='bbox 766 4689 990 4756; x_wconf 87' lang='lat' dir='ltr'>consistorium</span> <span class='ocrx_word' id='word_1_274' title='bbox 1020 4711 1059 4752; x_wconf 87' lang='lat' dir='ltr'>ex</span> <span class='ocrx_word' id='word_1_275' title='bbox 1088 4688 1236 4754; x_wconf 90' lang='lat' dir='ltr'>omnibus</span> <span class='ocrx_word' id='word_1_276' title='bbox 1265 4688 1433 4754; x_wconf 89' lang='lat' dir='ltr'>ordinariis</span> <span class='ocrx_word' id='word_1_277' title='bbox 1464 4688 1632 4774; x_wconf 86' lang='lat' dir='ltr'>professo-</span> 
     </span>
    </p>
   </div>
   <div class='ocr_carea' id='block_1_8' title="bbox 364 4791 1631 4880">
    <p class='ocr_par' dir='ltr' id='par_1_12' title="bbox 364 4791 1631 4880">
     <span class='ocr_line' id='line_1_37' title="bbox 364 4791 1631 4880; baseline -0.002 -20"><span class='ocrx_word' id='word_1_278' title='bbox 364 4792 451 4860; x_wconf 85' lang='lat' dir='ltr'>ribus</span> <span class='ocrx_word' id='word_1_279' title='bbox 468 4791 681 4857; x_wconf 89' lang='lat' dir='ltr'>constituetur</span> <span class='ocrx_word' id='word_1_280' title='bbox 696 4801 729 4858; x_wconf 91' lang='lat' dir='ltr'>et</span> <span class='ocrx_word' id='word_1_281' title='bbox 735 4795 789 4880; x_wconf 92' lang='lat' dir='ltr'>jus</span> <span class='ocrx_word' id='word_1_282' title='bbox 803 4791 945 4860; x_wconf 90' lang='lat' dir='ltr'>habebit:</span> <span class='ocrx_word' id='word_1_283' title='bbox 964 4793 991 4855; x_wconf 89' lang='lat'>1.</span> <span class='ocrx_word' id='word_1_284' title='bbox 1008 4791 1202 4857; x_wconf 87' lang='lat' dir='ltr'>Nominandi</span> <span class='ocrx_word' id='word_1_285' title='bbox 1215 4792 1384 4859; x_wconf 85' lang='lat' dir='ltr'>academiae</span> <span class='ocrx_word' id='word_1_286' title='bbox 1395 4791 1631 4859; x_wconf 90' lang='lat' dir='ltr'>cancellarium.</span> 
     </span>
    </p>
   </div>
   <div class='ocr_carea' id='block_1_9' title="bbox 0 0 1790 5624">
    <p class='ocr_par' dir='ltr' id='par_1_13' title="bbox 0 0 1790 5624">
     <span class='ocr_line' id='line_1_38' title="bbox 0 0 1790 5624; baseline 0 0"><span class='ocrx_word' id='word_1_287' title='bbox 0 0 1790 5624; x_wconf 95' lang='lat' dir='ltr'> </span> 
     </span>
    </p>
   </div>
  </div>
 </body>
</html>
