<?xml version="1.0" encoding="UTF-8"?>
<!DOCTYPE html PUBLIC "-//W3C//DTD XHTML 1.0 Transitional//EN"
    "http://www.w3.org/TR/xhtml1/DTD/xhtml1-transitional.dtd">
<html xmlns="http://www.w3.org/1999/xhtml" xml:lang="en" lang="en">
 <head>
  <title>
</title>
<meta http-equiv="Content-Type" content="text/html;charset=utf-8" />
  <meta name='ocr-system' content='tesseract 3.04.00' />
  <meta name='ocr-capabilities' content='ocr_page ocr_carea ocr_par ocr_line ocrx_word'/>
</head>
<body>
  <div class='ocr_page' id='page_1' title='image "./upsalauniversit00annegoog_0068.png"; bbox 0 0 3520 5616; ppageno 0'>
   <div class='ocr_carea' id='block_1_1' title="bbox 290 3699 297 3731">
    <p class='ocr_par' dir='ltr' id='par_1_1' title="bbox 290 3699 297 3731">
     <span class='ocr_line' id='line_1_1' title="bbox 290 3699 297 3731; baseline 0 0"><span class='ocrx_word' id='word_1_1' title='bbox 290 3699 297 3731; x_wconf 83' lang='lat' dir='ltr'>l</span> 
     </span>
    </p>
   </div>
   <div class='ocr_carea' id='block_1_2' title="bbox 767 547 1179 606">
    <p class='ocr_par' dir='ltr' id='par_1_2' title="bbox 767 547 1179 606">
     <span class='ocr_line' id='line_1_2' title="bbox 767 547 1179 606; baseline -0.005 0"><span class='ocrx_word' id='word_1_2' title='bbox 767 547 849 606; x_wconf 75' lang='lat'>1655</span> <span class='ocrx_word' id='word_1_3' title='bbox 872 549 919 606; x_wconf 79' lang='lat' dir='ltr'>trs</span> <span class='ocrx_word' id='word_1_4' title='bbox 943 547 1179 606; x_wconf 80' lang='lat' dir='ltr'>konstitutiousr.</span> 
     </span>
    </p>
   </div>
   <div class='ocr_carea' id='block_1_3' title="bbox 847 818 1077 900">
    <p class='ocr_par' dir='ltr' id='par_1_3' title="bbox 847 818 1077 900">
     <span class='ocr_line' id='line_1_3' title="bbox 847 818 1077 900; baseline 0.017 -18"><span class='ocrx_word' id='word_1_5' title='bbox 847 818 953 900; x_wconf 81' lang='lat' dir='ltr'>Cap.</span> <span class='ocrx_word' id='word_1_6' title='bbox 977 819 1077 886; x_wconf 88' lang='lat' dir='ltr'>XX.</span> 
     </span>
    </p>
   </div>
   <div class='ocr_carea' id='block_1_4' title="bbox 575 973 1371 1041">
    <p class='ocr_par' dir='ltr' id='par_1_4' title="bbox 575 973 1371 1041">
     <span class='ocr_line' id='line_1_4' title="bbox 575 973 1371 1041; baseline 0.001 -3"><span class='ocrx_word' id='word_1_7' title='bbox 575 974 623 1038; x_wconf 91' lang='lat' dir='ltr'>De</span> <span class='ocrx_word' id='word_1_8' title='bbox 644 973 883 1038; x_wconf 63' lang='lat' dir='ltr'><em>auscultatione</em></span> <span class='ocrx_word' id='word_1_9' title='bbox 905 973 1079 1039; x_wconf 75' lang='lat' dir='ltr'>lectionum</span> <span class='ocrx_word' id='word_1_10' title='bbox 1102 982 1133 1040; x_wconf 87' lang='lat' dir='ltr'>et</span> <span class='ocrx_word' id='word_1_11' title='bbox 1154 977 1371 1041; x_wconf 74' lang='lat' dir='ltr'>oraminibus.</span> 
     </span>
    </p>
   </div>
   <div class='ocr_carea' id='block_1_5' title="bbox 342 1145 1606 1338">
    <p class='ocr_par' dir='ltr' id='par_1_5' title="bbox 342 1145 1606 1338">
     <span class='ocr_line' id='line_1_5' title="bbox 429 1145 1606 1233; baseline -0.003 -20"><span class='ocrx_word' id='word_1_12' title='bbox 429 1151 456 1212; x_wconf 92' lang='lat'>1.</span> <span class='ocrx_word' id='word_1_13' title='bbox 503 1149 623 1213; x_wconf 85' lang='lat' dir='ltr'>Rector</span> <span class='ocrx_word' id='word_1_14' title='bbox 649 1145 776 1232; x_wconf 91' lang='lat' dir='ltr'>publico</span> <span class='ocrx_word' id='word_1_15' title='bbox 805 1145 900 1211; x_wconf 86' lang='lat' dir='ltr'>affixo</span> <span class='ocrx_word' id='word_1_16' title='bbox 930 1157 1164 1233; x_wconf 80' lang='lat' dir='ltr'>programmate</span> <span class='ocrx_word' id='word_1_17' title='bbox 1188 1149 1330 1213; x_wconf 89' lang='lat' dir='ltr'>monebit</span> <span class='ocrx_word' id='word_1_18' title='bbox 1352 1147 1529 1213; x_wconf 79' lang='lat' dir='ltr'>studiosam</span> <span class='ocrx_word' id='word_1_19' title='bbox 1548 1149 1606 1233; x_wconf 91' lang='lat' dir='ltr'>ju-</span> 
     </span>
     <span class='ocr_line' id='line_1_6' title="bbox 342 1249 1605 1338; baseline -0.002 -21"><span class='ocrx_word' id='word_1_20' title='bbox 342 1261 517 1332; x_wconf 86' lang='lat' dir='ltr'>ventutem,</span> <span class='ocrx_word' id='word_1_21' title='bbox 539 1261 576 1317; x_wconf 93' lang='lat' dir='ltr'>ut</span> <span class='ocrx_word' id='word_1_22' title='bbox 597 1259 684 1316; x_wconf 89' lang='lat' dir='ltr'>certo</span> <span class='ocrx_word' id='word_1_23' title='bbox 707 1249 759 1315; x_wconf 92' lang='lat' dir='ltr'>die</span> <span class='ocrx_word' id='word_1_24' title='bbox 783 1271 818 1314; x_wconf 90' lang='lat' dir='ltr'>se</span> <span class='ocrx_word' id='word_1_25' title='bbox 841 1249 978 1316; x_wconf 81' lang='lat' dir='ltr'>adscribi</span> <span class='ocrx_word' id='word_1_26' title='bbox 1001 1260 1091 1316; x_wconf 90' lang='lat' dir='ltr'>curet</span> <span class='ocrx_word' id='word_1_27' title='bbox 1112 1252 1248 1338; x_wconf 89' lang='lat' dir='ltr'>publicis</span> <span class='ocrx_word' id='word_1_28' title='bbox 1263 1252 1468 1318; x_wconf 87' lang='lat' dir='ltr'>lectionibus:</span> <span class='ocrx_word' id='word_1_29' title='bbox 1492 1251 1605 1336; x_wconf 89' lang='lat' dir='ltr'>singu-</span> 
     </span>
    </p>
   </div>
   <div class='ocr_carea' id='block_1_6' title="bbox 339 1353 1605 4786">
    <p class='ocr_par' dir='ltr' id='par_1_6' title="bbox 341 1353 1605 2067">
     <span class='ocr_line' id='line_1_7' title="bbox 341 1353 1605 1442; baseline -0.002 -21"><span class='ocrx_word' id='word_1_30' title='bbox 341 1356 452 1421; x_wconf 84' lang='lat' dir='ltr'>lariter</span> <span class='ocrx_word' id='word_1_31' title='bbox 478 1377 557 1421; x_wconf 88' lang='lat' dir='ltr'>vero</span> <span class='ocrx_word' id='word_1_32' title='bbox 585 1353 625 1419; x_wconf 88' lang='lat' dir='ltr'>ad</span> <span class='ocrx_word' id='word_1_33' title='bbox 648 1353 823 1420; x_wconf 86' lang='lat' dir='ltr'>audiendas</span> <span class='ocrx_word' id='word_1_34' title='bbox 844 1354 999 1420; x_wconf 90' lang='lat' dir='ltr'>lectiones</span> <span class='ocrx_word' id='word_1_35' title='bbox 1022 1356 1154 1442; x_wconf 82' lang='lat' dir='ltr'>aliquot,</span> <span class='ocrx_word' id='word_1_36' title='bbox 1176 1365 1210 1422; x_wconf 89' lang='lat' dir='ltr'>et</span> <span class='ocrx_word' id='word_1_37' title='bbox 1232 1357 1263 1420; x_wconf 92' lang='lat' dir='ltr'>in</span> <span class='ocrx_word' id='word_1_38' title='bbox 1287 1356 1349 1421; x_wconf 90' lang='lat' dir='ltr'>illis</span> <span class='ocrx_word' id='word_1_39' title='bbox 1372 1355 1413 1420; x_wconf 93' lang='lat' dir='ltr'>ad</span> <span class='ocrx_word' id='word_1_40' title='bbox 1437 1355 1605 1420; x_wconf 91' lang='lat' dir='ltr'>minimum</span> 
     </span>
     <span class='ocr_line' id='line_1_8' title="bbox 341 1457 1605 1547; baseline -0.001 -24"><span class='ocrx_word' id='word_1_41' title='bbox 341 1482 437 1525; x_wconf 88' lang='lat' dir='ltr'>unam</span> <span class='ocrx_word' id='word_1_42' title='bbox 459 1459 680 1547; x_wconf 81' lang='lat' dir='ltr'>theologicam,</span> <span class='ocrx_word' id='word_1_43' title='bbox 703 1457 848 1524; x_wconf 87' lang='lat' dir='ltr'>obstricti</span> <span class='ocrx_word' id='word_1_44' title='bbox 871 1467 965 1523; x_wconf 79' lang='lat' dir='ltr'>errant</span> <span class='ocrx_word' id='word_1_45' title='bbox 988 1463 1015 1524; x_wconf 95' lang='grc'>1.</span> <span class='ocrx_word' id='word_1_46' title='bbox 1040 1460 1085 1524; x_wconf 90' lang='lat' dir='ltr'>illi</span> <span class='ocrx_word' id='word_1_47' title='bbox 1109 1461 1164 1546; x_wconf 93' lang='lat' dir='ltr'>qui</span> <span class='ocrx_word' id='word_1_48' title='bbox 1178 1459 1321 1546; x_wconf 82' lang='lat' dir='ltr'><strong>gaudent</strong></span> <span class='ocrx_word' id='word_1_49' title='bbox 1335 1458 1497 1545; x_wconf 90' lang='lat' dir='ltr'>stipendio</span> <span class='ocrx_word' id='word_1_50' title='bbox 1512 1459 1605 1545; x_wconf 89' lang='lat' dir='ltr'>regio</span> 
     </span>
     <span class='ocr_line' id='line_1_9' title="bbox 342 1561 1603 1651; baseline -0.001 -24"><span class='ocrx_word' id='word_1_51' title='bbox 342 1573 398 1628; x_wconf 91' lang='lat' dir='ltr'>aut</span> <span class='ocrx_word' id='word_1_52' title='bbox 420 1573 602 1650; x_wconf 87' lang='lat' dir='ltr'>magnatum</span> <span class='ocrx_word' id='word_1_53' title='bbox 625 1562 811 1643; x_wconf 87' lang='lat' dir='ltr'>aliorumve,</span> <span class='ocrx_word' id='word_1_54' title='bbox 833 1561 874 1626; x_wconf 91' lang='lat' dir='ltr'>ad</span> <span class='ocrx_word' id='word_1_55' title='bbox 895 1585 1116 1650; x_wconf 85' lang='lat' dir='ltr'>quamcunque</span> <span class='ocrx_word' id='word_1_56' title='bbox 1131 1565 1294 1651; x_wconf 88' lang='lat' dir='ltr'>pertinent</span> <span class='ocrx_word' id='word_1_57' title='bbox 1308 1563 1505 1644; x_wconf 83' lang='lat' dir='ltr'>facultatem3</span> <span class='ocrx_word' id='word_1_58' title='bbox 1524 1563 1603 1627; x_wconf 91' lang='lat' dir='ltr'>item</span> 
     </span>
     <span class='ocr_line' id='line_1_10' title="bbox 343 1665 1603 1754; baseline -0.002 -22"><span class='ocrx_word' id='word_1_59' title='bbox 343 1672 372 1734; x_wconf 89' lang='lat'>2.</span> <span class='ocrx_word' id='word_1_60' title='bbox 396 1670 577 1754; x_wconf 89' lang='lat' dir='ltr'>quicunque</span> <span class='ocrx_word' id='word_1_61' title='bbox 610 1665 770 1753; x_wconf 86' lang='lat' dir='ltr'>stipendia</span> <span class='ocrx_word' id='word_1_62' title='bbox 803 1665 985 1753; x_wconf 88' lang='lat' dir='ltr'>hujusmodi</span> <span class='ocrx_word' id='word_1_63' title='bbox 1018 1677 1208 1753; x_wconf 87' lang='lat' dir='ltr'>exspectant</span> <span class='ocrx_word' id='word_1_64' title='bbox 1235 1677 1292 1732; x_wconf 87' lang='lat' dir='ltr'>aut</span> <span class='ocrx_word' id='word_1_65' title='bbox 1313 1667 1510 1748; x_wconf 88' lang='lat' dir='ltr'>desiderant,</span> <span class='ocrx_word' id='word_1_66' title='bbox 1540 1689 1603 1731; x_wconf 89' lang='lat' dir='ltr'>nec</span> 
     </span>
     <span class='ocr_line' id='line_1_11' title="bbox 343 1769 1601 1858; baseline -0.001 -22"><span class='ocrx_word' id='word_1_67' title='bbox 343 1795 405 1836; x_wconf 90' lang='lat' dir='ltr'>non</span> <span class='ocrx_word' id='word_1_68' title='bbox 431 1775 460 1837; x_wconf 88' lang='lat'>3.</span> <span class='ocrx_word' id='word_1_69' title='bbox 479 1773 535 1858; x_wconf 93' lang='lat' dir='ltr'>qui</span> <span class='ocrx_word' id='word_1_70' title='bbox 556 1771 675 1836; x_wconf 89' lang='lat' dir='ltr'>initiari</span> <span class='ocrx_word' id='word_1_71' title='bbox 698 1769 832 1857; x_wconf 89' lang='lat' dir='ltr'>cupiunt</span> <span class='ocrx_word' id='word_1_72' title='bbox 853 1793 943 1835; x_wconf 84' lang='lat' dir='ltr'>seem</span> <span class='ocrx_word' id='word_1_73' title='bbox 967 1771 1159 1852; x_wconf 89' lang='lat' dir='ltr'>ministerio;</span> <span class='ocrx_word' id='word_1_74' title='bbox 1186 1773 1304 1858; x_wconf 89' lang='lat' dir='ltr'>quique</span> <span class='ocrx_word' id='word_1_75' title='bbox 1332 1777 1362 1838; x_wconf 87' lang='grc'>4.</span> <span class='ocrx_word' id='word_1_76' title='bbox 1384 1771 1517 1858; x_wconf 81' lang='lat' dir='ltr'>gradum</span> <span class='ocrx_word' id='word_1_77' title='bbox 1540 1771 1601 1836; x_wconf 90' lang='lat' dir='ltr'>ali-</span> 
     </span>
     <span class='ocr_line' id='line_1_12' title="bbox 342 1874 1603 1962; baseline 0 -22"><span class='ocrx_word' id='word_1_78' title='bbox 342 1899 437 1962; x_wconf 90' lang='lat' dir='ltr'>quem</span> <span class='ocrx_word' id='word_1_79' title='bbox 471 1885 526 1940; x_wconf 89' lang='lat' dir='ltr'>aut</span> <span class='ocrx_word' id='word_1_80' title='bbox 562 1875 640 1940; x_wconf 89' lang='lat' dir='ltr'>alias</span> <span class='ocrx_word' id='word_1_81' title='bbox 674 1874 804 1939; x_wconf 91' lang='lat' dir='ltr'>demum</span> <span class='ocrx_word' id='word_1_82' title='bbox 830 1875 1020 1940; x_wconf 89' lang='lat' dir='ltr'>honorificas</span> <span class='ocrx_word' id='word_1_83' title='bbox 1048 1876 1339 1942; x_wconf 76' lang='lat' dir='ltr'>commendationes</span> <span class='ocrx_word' id='word_1_84' title='bbox 1368 1899 1387 1941; x_wconf 90' lang='lat' dir='ltr'>a</span> <span class='ocrx_word' id='word_1_85' title='bbox 1414 1885 1537 1941; x_wconf 88' lang='lat' dir='ltr'>rectore</span> <span class='ocrx_word' id='word_1_86' title='bbox 1560 1875 1603 1940; x_wconf 89' lang='lat' dir='ltr'>ad</span> 
     </span>
     <span class='ocr_line' id='line_1_13' title="bbox 342 1979 1333 2067; baseline 0 -22"><span class='ocrx_word' id='word_1_87' title='bbox 342 1982 455 2066; x_wconf 79' lang='lat' dir='ltr'>Regm</span> <span class='ocrx_word' id='word_1_88' title='bbox 478 1980 634 2067; x_wconf 73' lang='lat' dir='ltr'>Majuem,</span> <span class='ocrx_word' id='word_1_89' title='bbox 656 2001 815 2066; x_wconf 88' lang='lat' dir='ltr'>proceres,</span> <span class='ocrx_word' id='word_1_90' title='bbox 837 1980 1006 2066; x_wconf 88' lang='lat' dir='ltr'>episcopos</span> <span class='ocrx_word' id='word_1_91' title='bbox 1029 1979 1150 2045; x_wconf 90' lang='lat' dir='ltr'>aliosve</span> <span class='ocrx_word' id='word_1_92' title='bbox 1172 1979 1333 2045; x_wconf 83' lang='lat' dir='ltr'>affectant</span> 
     </span>
    </p>

    <p class='ocr_par' dir='ltr' id='par_1_7' title="bbox 342 2082 1604 2900">
     <span class='ocr_line' id='line_1_14' title="bbox 429 2082 1602 2170; baseline -0.001 -21"><span class='ocrx_word' id='word_1_93' title='bbox 429 2088 457 2149; x_wconf 88' lang='grc'>2.</span> <span class='ocrx_word' id='word_1_94' title='bbox 503 2083 624 2149; x_wconf 88' lang='lat' dir='ltr'>Postea</span> <span class='ocrx_word' id='word_1_95' title='bbox 654 2083 791 2170; x_wconf 88' lang='lat' dir='ltr'>quisquc</span> <span class='ocrx_word' id='word_1_96' title='bbox 820 2082 1050 2170; x_wconf 88' lang='lat' dir='ltr'>professorum,</span> <span class='ocrx_word' id='word_1_97' title='bbox 1079 2094 1246 2170; x_wconf 87' lang='lat' dir='ltr'>assumpto</span> <span class='ocrx_word' id='word_1_98' title='bbox 1269 2106 1398 2149; x_wconf 89' lang='lat' dir='ltr'>suorum</span> <span class='ocrx_word' id='word_1_99' title='bbox 1421 2083 1602 2148; x_wconf 88' lang='lat' dir='ltr'>auditorum</span> 
     </span>
     <span class='ocr_line' id='line_1_15' title="bbox 342 2187 1602 2275; baseline -0.001 -22"><span class='ocrx_word' id='word_1_100' title='bbox 342 2188 497 2275; x_wconf 87' lang='lat' dir='ltr'>catalogo,</span> <span class='ocrx_word' id='word_1_101' title='bbox 530 2189 563 2252; x_wconf 93' lang='lat' dir='ltr'>in</span> <span class='ocrx_word' id='word_1_102' title='bbox 596 2188 729 2273; x_wconf 89' lang='lat' dir='ltr'>singulis</span> <span class='ocrx_word' id='word_1_103' title='bbox 762 2187 963 2267; x_wconf 89' lang='lat' dir='ltr'>lectionibus,</span> <span class='ocrx_word' id='word_1_104' title='bbox 996 2197 1151 2273; x_wconf 87' lang='lat' dir='ltr'>quantum</span> <span class='ocrx_word' id='word_1_105' title='bbox 1183 2189 1251 2253; x_wconf 91' lang='lat' dir='ltr'>fieri</span> <span class='ocrx_word' id='word_1_106' title='bbox 1284 2197 1402 2274; x_wconf 90' lang='lat' dir='ltr'>potest,</span> <span class='ocrx_word' id='word_1_107' title='bbox 1442 2188 1602 2275; x_wconf 77' lang='lat' dir='ltr'><strong>inspiciet,</strong></span> 
     </span>
     <span class='ocr_line' id='line_1_16' title="bbox 343 2291 1603 2379; baseline 0 -21"><span class='ocrx_word' id='word_1_108' title='bbox 343 2293 471 2379; x_wconf 86' lang='lat' dir='ltr'>quinam</span> <span class='ocrx_word' id='word_1_109' title='bbox 496 2292 665 2378; x_wconf 78' lang='lat' dir='ltr'>diligentes</span> <span class='ocrx_word' id='word_1_110' title='bbox 693 2291 815 2358; x_wconf 89' lang='lat' dir='ltr'>fuerint</span> <span class='ocrx_word' id='word_1_111' title='bbox 843 2300 898 2356; x_wconf 92' lang='lat' dir='ltr'>aut</span> <span class='ocrx_word' id='word_1_112' title='bbox 928 2314 1037 2372; x_wconf 89' lang='lat' dir='ltr'>secus;</span> <span class='ocrx_word' id='word_1_113' title='bbox 1059 2292 1257 2378; x_wconf 80' lang='lat' dir='ltr'>negligentes</span> <span class='ocrx_word' id='word_1_114' title='bbox 1281 2301 1388 2357; x_wconf 88' lang='lat' dir='ltr'>autem</span> <span class='ocrx_word' id='word_1_115' title='bbox 1411 2294 1603 2358; x_wconf 89' lang='lat' dir='ltr'>consistorio</span> 
     </span>
     <span class='ocr_line' id='line_1_17' title="bbox 343 2395 1603 2483; baseline 0 -21"><span class='ocrx_word' id='word_1_116' title='bbox 343 2397 504 2475; x_wconf 81' lang='lat' dir='ltr'>indicabit,</span> <span class='ocrx_word' id='word_1_117' title='bbox 526 2398 616 2483; x_wconf 89' lang='lat' dir='ltr'>cujus</span> <span class='ocrx_word' id='word_1_118' title='bbox 639 2397 701 2462; x_wconf 89' lang='lat' dir='ltr'>erit</span> <span class='ocrx_word' id='word_1_119' title='bbox 722 2395 763 2460; x_wconf 92' lang='lat' dir='ltr'>de</span> <span class='ocrx_word' id='word_1_120' title='bbox 785 2395 890 2460; x_wconf 89' lang='lat' dir='ltr'>causis</span> <span class='ocrx_word' id='word_1_121' title='bbox 913 2396 1066 2462; x_wconf 73' lang='lat' dir='ltr'>absentia</span> <span class='ocrx_word' id='word_1_122' title='bbox 1084 2395 1238 2483; x_wconf 88' lang='lat' dir='ltr'>judicare.</span> <span class='ocrx_word' id='word_1_123' title='bbox 1283 2395 1450 2461; x_wconf 89' lang='lat' dir='ltr'>Interdum</span> <span class='ocrx_word' id='word_1_124' title='bbox 1474 2419 1603 2483; x_wconf 87' lang='lat' dir='ltr'>quoque</span> 
     </span>
     <span class='ocr_line' id='line_1_18' title="bbox 343 2501 1602 2588; baseline 0 -22"><span class='ocrx_word' id='word_1_125' title='bbox 343 2501 483 2588; x_wconf 88' lang='lat' dir='ltr'>inquiret</span> <span class='ocrx_word' id='word_1_126' title='bbox 508 2501 540 2565; x_wconf 93' lang='lat' dir='ltr'>iu</span> <span class='ocrx_word' id='word_1_127' title='bbox 569 2501 727 2582; x_wconf 88' lang='lat' dir='ltr'>absentes,</span> <span class='ocrx_word' id='word_1_128' title='bbox 757 2509 794 2565; x_wconf 91' lang='lat' dir='ltr'>ut</span> <span class='ocrx_word' id='word_1_129' title='bbox 816 2501 906 2578; x_wconf 89' lang='lat' dir='ltr'>sciat,</span> <span class='ocrx_word' id='word_1_130' title='bbox 929 2523 994 2586; x_wconf 92' lang='lat' dir='ltr'>quo</span> <span class='ocrx_word' id='word_1_131' title='bbox 1016 2501 1202 2565; x_wconf 89' lang='lat' dir='ltr'>testimonio</span> <span class='ocrx_word' id='word_1_132' title='bbox 1225 2501 1369 2586; x_wconf 90' lang='lat' dir='ltr'>singulos</span> <span class='ocrx_word' id='word_1_133' title='bbox 1392 2501 1602 2566; x_wconf 81' lang='lat' dir='ltr'>cohonestare</span> 
     </span>
     <span class='ocr_line' id='line_1_19' title="bbox 343 2604 1604 2693; baseline 0.002 -23"><span class='ocrx_word' id='word_1_134' title='bbox 343 2605 469 2671; x_wconf 89' lang='lat' dir='ltr'>debeat.</span> <span class='ocrx_word' id='word_1_135' title='bbox 513 2605 632 2670; x_wconf 88' lang='lat' dir='ltr'>Rector</span> <span class='ocrx_word' id='word_1_136' title='bbox 659 2605 754 2669; x_wconf 89' lang='lat' dir='ltr'>etiam</span> <span class='ocrx_word' id='word_1_137' title='bbox 778 2613 811 2670; x_wconf 91' lang='lat' dir='ltr'>et</span> <span class='ocrx_word' id='word_1_138' title='bbox 832 2605 971 2670; x_wconf 89' lang='lat' dir='ltr'>decanus</span> <span class='ocrx_word' id='word_1_139' title='bbox 994 2604 1165 2690; x_wconf 87' lang='lat' dir='ltr'>aliquando</span> <span class='ocrx_word' id='word_1_140' title='bbox 1188 2627 1228 2670; x_wconf 88' lang='lat' dir='ltr'>ex</span> <span class='ocrx_word' id='word_1_141' title='bbox 1250 2605 1425 2691; x_wconf 87' lang='lat' dir='ltr'>improviso</span> <span class='ocrx_word' id='word_1_142' title='bbox 1448 2609 1604 2693; x_wconf 86' lang='lat' dir='ltr'>cujusque</span> 
     </span>
     <span class='ocr_line' id='line_1_20' title="bbox 344 2708 1603 2797; baseline 0.002 -24"><span class='ocrx_word' id='word_1_143' title='bbox 344 2709 536 2796; x_wconf 89' lang='lat' dir='ltr'>professoris</span> <span class='ocrx_word' id='word_1_144' title='bbox 563 2709 732 2774; x_wconf 89' lang='lat' dir='ltr'>lectionem</span> <span class='ocrx_word' id='word_1_145' title='bbox 765 2708 900 2773; x_wconf 88' lang='lat' dir='ltr'>adibunt</span> <span class='ocrx_word' id='word_1_146' title='bbox 928 2717 961 2774; x_wconf 89' lang='lat' dir='ltr'>et</span> <span class='ocrx_word' id='word_1_147' title='bbox 987 2709 1020 2774; x_wconf 88' lang='lat' dir='ltr'>in</span> <span class='ocrx_word' id='word_1_148' title='bbox 1048 2709 1245 2795; x_wconf 88' lang='lat' dir='ltr'>diligentiam</span> <span class='ocrx_word' id='word_1_149' title='bbox 1274 2708 1455 2774; x_wconf 86' lang='lat' dir='ltr'>auditomm</span> <span class='ocrx_word' id='word_1_150' title='bbox 1477 2710 1603 2797; x_wconf 88' lang='lat' dir='ltr'>placide</span> 
     </span>
     <span class='ocr_line' id='line_1_21' title="bbox 344 2814 514 2900; baseline -0.018 -20"><span class='ocrx_word' id='word_1_151' title='bbox 344 2814 514 2900; x_wconf 89' lang='lat' dir='ltr'>inquirent.</span> 
     </span>
    </p>

    <p class='ocr_par' dir='ltr' id='par_1_8' title="bbox 339 2915 1605 3631">
     <span class='ocr_line' id='line_1_22' title="bbox 430 2915 1604 3001; baseline 0 -19"><span class='ocrx_word' id='word_1_152' title='bbox 430 2921 459 2982; x_wconf 91' lang='lat'>3.</span> <span class='ocrx_word' id='word_1_153' title='bbox 503 2917 549 2981; x_wconf 90' lang='lat' dir='ltr'>Hi</span> <span class='ocrx_word' id='word_1_154' title='bbox 573 2915 713 2996; x_wconf 85' lang='lat' dir='ltr'>octiduo,</span> <span class='ocrx_word' id='word_1_155' title='bbox 735 2925 810 2982; x_wconf 86' lang='lat' dir='ltr'>ante</span> <span class='ocrx_word' id='word_1_156' title='bbox 832 2916 1041 2982; x_wconf 85' lang='lat' dir='ltr'>mutationem</span> <span class='ocrx_word' id='word_1_157' title='bbox 1064 2925 1241 2983; x_wconf 84' lang='lat' dir='ltr'>rectoratus</span> <span class='ocrx_word' id='word_1_158' title='bbox 1264 2919 1418 3001; x_wconf 84' lang='lat' dir='ltr'>aestivam,</span> <span class='ocrx_word' id='word_1_159' title='bbox 1443 2918 1604 2983; x_wconf 85' lang='lat' dir='ltr'>examina-</span> 
     </span>
     <span class='ocr_line' id='line_1_23' title="bbox 343 3020 1605 3108; baseline 0.002 -22"><span class='ocrx_word' id='word_1_160' title='bbox 343 3022 471 3091; x_wconf 85' lang='lat' dir='ltr'>buntur.</span> <span class='ocrx_word' id='word_1_161' title='bbox 494 3029 527 3086; x_wconf 92' lang='lat' dir='ltr'>et</span> <span class='ocrx_word' id='word_1_162' title='bbox 548 3022 603 3108; x_wconf 91' lang='lat' dir='ltr'>qui</span> <span class='ocrx_word' id='word_1_163' title='bbox 624 3021 778 3086; x_wconf 89' lang='lat' dir='ltr'>lectiones</span> <span class='ocrx_word' id='word_1_164' title='bbox 801 3029 858 3085; x_wconf 91' lang='lat' dir='ltr'>aut</span> <span class='ocrx_word' id='word_1_165' title='bbox 878 3020 1114 3107; x_wconf 89' lang='lat' dir='ltr'>disputationes</span> <span class='ocrx_word' id='word_1_166' title='bbox 1138 3022 1281 3108; x_wconf 88' lang='lat' dir='ltr'>publicas</span> <span class='ocrx_word' id='word_1_167' title='bbox 1295 3023 1474 3107; x_wconf 85' lang='lat' dir='ltr'>neglexisse</span> <span class='ocrx_word' id='word_1_168' title='bbox 1489 3021 1605 3108; x_wconf 86' lang='lat' dir='ltr'>depre-</span> 
     </span>
     <span class='ocr_line' id='line_1_24' title="bbox 343 3123 1603 3213; baseline -0.001 -22"><span class='ocrx_word' id='word_1_169' title='bbox 343 3124 536 3202; x_wconf 89' lang='lat' dir='ltr'>henduntur,</span> <span class='ocrx_word' id='word_1_170' title='bbox 564 3123 592 3189; x_wconf 90' lang='lat' dir='ltr'>si</span> <span class='ocrx_word' id='word_1_171' title='bbox 614 3123 814 3210; x_wconf 89' lang='lat' dir='ltr'>stipendiarii</span> <span class='ocrx_word' id='word_1_172' title='bbox 837 3124 966 3204; x_wconf 86' lang='lat' dir='ltr'>fuerint,</span> <span class='ocrx_word' id='word_1_173' title='bbox 989 3125 1135 3212; x_wconf 90' lang='lat' dir='ltr'>portione</span> <span class='ocrx_word' id='word_1_174' title='bbox 1158 3125 1313 3213; x_wconf 88' lang='lat' dir='ltr'>stipendii</span> <span class='ocrx_word' id='word_1_175' title='bbox 1334 3127 1388 3192; x_wconf 88' lang='lat' dir='ltr'>vel</span> <span class='ocrx_word' id='word_1_176' title='bbox 1410 3134 1481 3191; x_wconf 91' lang='lat' dir='ltr'>toto</span> <span class='ocrx_word' id='word_1_177' title='bbox 1503 3126 1603 3190; x_wconf 89' lang='lat' dir='ltr'>mulo-</span> 
     </span>
     <span class='ocr_line' id='line_1_25' title="bbox 344 3228 1603 3315; baseline -0.001 -19"><span class='ocrx_word' id='word_1_178' title='bbox 344 3230 506 3304; x_wconf 82' lang='lat' dir='ltr'>tabuntur,</span> <span class='ocrx_word' id='word_1_179' title='bbox 538 3251 598 3315; x_wconf 90' lang='lat' dir='ltr'>pro</span> <span class='ocrx_word' id='word_1_180' title='bbox 630 3228 753 3293; x_wconf 90' lang='lat' dir='ltr'>ratione</span> <span class='ocrx_word' id='word_1_181' title='bbox 785 3229 1001 3315; x_wconf 81' lang='lat' dir='ltr'>negligentiae3</span> <span class='ocrx_word' id='word_1_182' title='bbox 1034 3229 1062 3294; x_wconf 91' lang='lat' dir='ltr'>si</span> <span class='ocrx_word' id='word_1_183' title='bbox 1091 3252 1169 3294; x_wconf 91' lang='lat' dir='ltr'>vero</span> <span class='ocrx_word' id='word_1_184' title='bbox 1199 3229 1262 3312; x_wconf 77' lang='lat' dir='ltr'>alii,</span> <span class='ocrx_word' id='word_1_185' title='bbox 1291 3229 1323 3294; x_wconf 90' lang='lat' dir='ltr'>in</span> <span class='ocrx_word' id='word_1_186' title='bbox 1348 3230 1603 3315; x_wconf 86' lang='lat' dir='ltr'>promotionibus</span> 
     </span>
     <span class='ocr_line' id='line_1_26' title="bbox 339 3332 1603 3422; baseline 0 -24"><span class='ocrx_word' id='word_1_187' title='bbox 339 3337 434 3422; x_wconf 86' lang='lat' dir='ltr'>juxta</span> <span class='ocrx_word' id='word_1_188' title='bbox 455 3332 716 3421; x_wconf 89' lang='lat' dir='ltr'>dijudicationem</span> <span class='ocrx_word' id='word_1_189' title='bbox 739 3343 869 3398; x_wconf 88' lang='lat' dir='ltr'>senatus</span> <span class='ocrx_word' id='word_1_190' title='bbox 888 3333 1060 3399; x_wconf 87' lang='lat' dir='ltr'>academici</span> <span class='ocrx_word' id='word_1_191' title='bbox 1083 3334 1206 3400; x_wconf 76' lang='lat' dir='ltr'>catoris</span> <span class='ocrx_word' id='word_1_192' title='bbox 1229 3332 1486 3420; x_wconf 87' lang='lat' dir='ltr'>diligentioribus</span> <span class='ocrx_word' id='word_1_193' title='bbox 1509 3343 1603 3398; x_wconf 89' lang='lat' dir='ltr'>erunt</span> 
     </span>
     <span class='ocr_line' id='line_1_27' title="bbox 345 3437 1605 3522; baseline 0.001 -19"><span class='ocrx_word' id='word_1_194' title='bbox 345 3438 522 3503; x_wconf 88' lang='lat' dir='ltr'>inferiores.</span> <span class='ocrx_word' id='word_1_195' title='bbox 567 3437 707 3522; x_wconf 87' lang='lat' dir='ltr'>Singulis</span> <span class='ocrx_word' id='word_1_196' title='bbox 737 3438 809 3502; x_wconf 89' lang='lat' dir='ltr'>istis</span> <span class='ocrx_word' id='word_1_197' title='bbox 833 3438 1031 3503; x_wconf 84' lang='lat' dir='ltr'>examinibus</span> <span class='ocrx_word' id='word_1_198' title='bbox 1050 3438 1238 3504; x_wconf 87' lang='lat' dir='ltr'>assidebunt</span> <span class='ocrx_word' id='word_1_199' title='bbox 1260 3459 1370 3503; x_wconf 90' lang='lat' dir='ltr'>omnes</span> <span class='ocrx_word' id='word_1_200' title='bbox 1394 3438 1534 3503; x_wconf 91' lang='lat' dir='ltr'>omnium</span> <span class='ocrx_word' id='word_1_201' title='bbox 1556 3439 1605 3504; x_wconf 88' lang='lat' dir='ltr'>fa-</span> 
     </span>
     <span class='ocr_line' id='line_1_28' title="bbox 346 3541 1604 3631; baseline -0.001 -24"><span class='ocrx_word' id='word_1_202' title='bbox 346 3543 498 3608; x_wconf 86' lang='lat' dir='ltr'>cultatum</span> <span class='ocrx_word' id='word_1_203' title='bbox 527 3541 727 3628; x_wconf 89' lang='lat' dir='ltr'>professores</span> <span class='ocrx_word' id='word_1_204' title='bbox 756 3563 815 3606; x_wconf 89' lang='lat' dir='ltr'>nec</span> <span class='ocrx_word' id='word_1_205' title='bbox 842 3564 916 3624; x_wconf 88' lang='lat' dir='ltr'>non,</span> <span class='ocrx_word' id='word_1_206' title='bbox 945 3542 972 3607; x_wconf 89' lang='lat' dir='ltr'>si</span> <span class='ocrx_word' id='word_1_207' title='bbox 997 3543 1065 3607; x_wconf 89' lang='lat' dir='ltr'>fieri</span> <span class='ocrx_word' id='word_1_208' title='bbox 1093 3552 1210 3628; x_wconf 88' lang='lat' dir='ltr'>potest,</span> <span class='ocrx_word' id='word_1_209' title='bbox 1237 3544 1307 3631; x_wconf 92' lang='lat' dir='ltr'>ipse</span> <span class='ocrx_word' id='word_1_210' title='bbox 1330 3542 1604 3629; x_wconf 89' lang='lat' dir='ltr'>procaucellarius.</span> 
     </span>
    </p>

    <p class='ocr_par' dir='ltr' id='par_1_9' title="bbox 345 3644 1605 4046">
     <span class='ocr_line' id='line_1_29' title="bbox 431 3644 1603 3732; baseline 0 -21"><span class='ocrx_word' id='word_1_211' title='bbox 431 3650 460 3711; x_wconf 83' lang='lat'>4.</span> <span class='ocrx_word' id='word_1_212' title='bbox 506 3647 653 3732; x_wconf 77' lang='lat' dir='ltr'>Quisque</span> <span class='ocrx_word' id='word_1_213' title='bbox 688 3645 905 3731; x_wconf 87' lang='lat' dir='ltr'>professorum</span> <span class='ocrx_word' id='word_1_214' title='bbox 940 3645 1084 3711; x_wconf 89' lang='lat' dir='ltr'>studiose</span> <span class='ocrx_word' id='word_1_215' title='bbox 1113 3645 1247 3727; x_wconf 88' lang='lat' dir='ltr'>videbit,</span> <span class='ocrx_word' id='word_1_216' title='bbox 1273 3655 1310 3711; x_wconf 88' lang='lat' dir='ltr'>ut</span> <span class='ocrx_word' id='word_1_217' title='bbox 1331 3644 1494 3710; x_wconf 88' lang='lat' dir='ltr'>auditores</span> <span class='ocrx_word' id='word_1_218' title='bbox 1517 3654 1603 3711; x_wconf 89' lang='lat' dir='ltr'>recte</span> 
     </span>
     <span class='ocr_line' id='line_1_30' title="bbox 345 3749 1603 3839; baseline -0.002 -22"><span class='ocrx_word' id='word_1_219' title='bbox 345 3751 524 3839; x_wconf 87' lang='lat' dir='ltr'>percipiant</span> <span class='ocrx_word' id='word_1_220' title='bbox 545 3759 579 3816; x_wconf 89' lang='lat' dir='ltr'>et</span> <span class='ocrx_word' id='word_1_221' title='bbox 600 3750 760 3814; x_wconf 90' lang='lat' dir='ltr'>retineant</span> <span class='ocrx_word' id='word_1_222' title='bbox 782 3750 846 3831; x_wconf 89' lang='lat' dir='ltr'>illa,</span> <span class='ocrx_word' id='word_1_223' title='bbox 867 3772 938 3835; x_wconf 86' lang='lat' dir='ltr'>quae</span> <span class='ocrx_word' id='word_1_224' title='bbox 959 3750 1085 3836; x_wconf 89' lang='lat' dir='ltr'>publice</span> <span class='ocrx_word' id='word_1_225' title='bbox 1108 3759 1340 3836; x_wconf 90' lang='lat' dir='ltr'>proponuntur,</span> <span class='ocrx_word' id='word_1_226' title='bbox 1360 3749 1527 3815; x_wconf 84' lang='lat' dir='ltr'>invitando</span> <span class='ocrx_word' id='word_1_227' title='bbox 1547 3773 1603 3814; x_wconf 89' lang='lat' dir='ltr'>eos</span> 
     </span>
     <span class='ocr_line' id='line_1_31' title="bbox 345 3853 1605 3941; baseline 0.001 -22"><span class='ocrx_word' id='word_1_228' title='bbox 345 3853 388 3920; x_wconf 89' lang='lat' dir='ltr'>ad</span> <span class='ocrx_word' id='word_1_229' title='bbox 416 3854 641 3919; x_wconf 87' lang='lat' dir='ltr'>sciscitandum</span> <span class='ocrx_word' id='word_1_230' title='bbox 671 3876 743 3919; x_wconf 88' lang='lat' dir='ltr'>sese</span> <span class='ocrx_word' id='word_1_231' title='bbox 765 3853 805 3918; x_wconf 89' lang='lat' dir='ltr'>de</span> <span class='ocrx_word' id='word_1_232' title='bbox 827 3854 877 3932; x_wconf 93' lang='lat' dir='ltr'>iis,</span> <span class='ocrx_word' id='word_1_233' title='bbox 900 3876 970 3939; x_wconf 87' lang='lat' dir='ltr'>quae</span> <span class='ocrx_word' id='word_1_234' title='bbox 992 3853 1076 3919; x_wconf 88' lang='lat' dir='ltr'>forte</span> <span class='ocrx_word' id='word_1_235' title='bbox 1099 3877 1266 3940; x_wconf 89' lang='lat' dir='ltr'>perperam</span> <span class='ocrx_word' id='word_1_236' title='bbox 1288 3861 1430 3919; x_wconf 89' lang='lat' dir='ltr'>autnon</span> <span class='ocrx_word' id='word_1_237' title='bbox 1452 3877 1605 3941; x_wconf 89' lang='lat' dir='ltr'>percepe-</span> 
     </span>
     <span class='ocr_line' id='line_1_32' title="bbox 345 3958 1401 4046; baseline -0.002 -22"><span class='ocrx_word' id='word_1_238' title='bbox 345 3969 430 4035; x_wconf 89' lang='lat' dir='ltr'>runt,</span> <span class='ocrx_word' id='word_1_239' title='bbox 454 3981 554 4046; x_wconf 88' lang='lat' dir='ltr'>eaque</span> <span class='ocrx_word' id='word_1_240' title='bbox 577 3958 682 4024; x_wconf 91' lang='lat' dir='ltr'>denuo</span> <span class='ocrx_word' id='word_1_241' title='bbox 705 3958 820 4023; x_wconf 82' lang='lat' dir='ltr'>clarius</span> <span class='ocrx_word' id='word_1_242' title='bbox 843 3959 1016 4045; x_wconf 86' lang='lat' dir='ltr'>explicabit</span> <span class='ocrx_word' id='word_1_243' title='bbox 1038 3958 1163 4046; x_wconf 89' lang='lat' dir='ltr'>publice</span> <span class='ocrx_word' id='word_1_244' title='bbox 1187 3968 1220 4022; x_wconf 90' lang='lat' dir='ltr'>et</span> <span class='ocrx_word' id='word_1_245' title='bbox 1241 3959 1401 4045; x_wconf 88' lang='lat' dir='ltr'>privatim.</span> 
     </span>
    </p>

    <p class='ocr_par' dir='ltr' id='par_1_10' title="bbox 345 4063 1604 4786">
     <span class='ocr_line' id='line_1_33' title="bbox 433 4063 1603 4150; baseline -0.001 -21"><span class='ocrx_word' id='word_1_246' title='bbox 433 4067 461 4129; x_wconf 84' lang='lat'>5.</span> <span class='ocrx_word' id='word_1_247' title='bbox 507 4063 594 4143; x_wconf 77' lang='lat' dir='ltr'>Quia</span> <span class='ocrx_word' id='word_1_248' title='bbox 617 4085 694 4129; x_wconf 90' lang='lat' dir='ltr'>vero</span> <span class='ocrx_word' id='word_1_249' title='bbox 716 4066 750 4128; x_wconf 90' lang='lat' dir='ltr'>in</span> <span class='ocrx_word' id='word_1_250' title='bbox 772 4063 1006 4129; x_wconf 86' lang='lat' dir='ltr'>informationis</span> <span class='ocrx_word' id='word_1_251' title='bbox 1022 4063 1118 4128; x_wconf 91' lang='lat' dir='ltr'>modo</span> <span class='ocrx_word' id='word_1_252' title='bbox 1135 4086 1220 4150; x_wconf 83' lang='lat' dir='ltr'>saepe</span> <span class='ocrx_word' id='word_1_253' title='bbox 1236 4073 1367 4144; x_wconf 86' lang='lat' dir='ltr'>erratur,</span> <span class='ocrx_word' id='word_1_254' title='bbox 1383 4086 1421 4128; x_wconf 92' lang='lat' dir='ltr'>eo</span> <span class='ocrx_word' id='word_1_255' title='bbox 1436 4063 1524 4149; x_wconf 92' lang='lat' dir='ltr'>quod</span> <span class='ocrx_word' id='word_1_256' title='bbox 1538 4085 1603 4128; x_wconf 93' lang='lat' dir='ltr'>non</span> 
     </span>
     <span class='ocr_line' id='line_1_34' title="bbox 347 4167 1603 4254; baseline -0.002 -20"><span class='ocrx_word' id='word_1_257' title='bbox 347 4168 424 4234; x_wconf 89' lang='lat' dir='ltr'>satis</span> <span class='ocrx_word' id='word_1_258' title='bbox 451 4167 637 4248; x_wconf 87' lang='lat' dir='ltr'>attenditur,</span> <span class='ocrx_word' id='word_1_259' title='bbox 664 4167 705 4232; x_wconf 86' lang='lat' dir='ltr'>ad</span> <span class='ocrx_word' id='word_1_260' title='bbox 736 4168 823 4254; x_wconf 92' lang='lat' dir='ltr'>quod</span> <span class='ocrx_word' id='word_1_261' title='bbox 850 4169 986 4254; x_wconf 91' lang='lat' dir='ltr'>quisque</span> <span class='ocrx_word' id='word_1_262' title='bbox 1009 4167 1185 4254; x_wconf 90' lang='lat' dir='ltr'>discipulus</span> <span class='ocrx_word' id='word_1_263' title='bbox 1208 4169 1251 4233; x_wconf 89' lang='lat' dir='ltr'>sit</span> <span class='ocrx_word' id='word_1_264' title='bbox 1274 4168 1403 4234; x_wconf 91' lang='lat' dir='ltr'>habilis:</span> <span class='ocrx_word' id='word_1_265' title='bbox 1425 4167 1552 4247; x_wconf 89' lang='lat' dir='ltr'>idcirco,</span> <span class='ocrx_word' id='word_1_266' title='bbox 1575 4168 1603 4232; x_wconf 89' lang='lat' dir='ltr'>si</span> 
     </span>
     <span class='ocr_line' id='line_1_35' title="bbox 346 4271 1604 4358; baseline 0 -22"><span class='ocrx_word' id='word_1_267' title='bbox 346 4271 396 4336; x_wconf 90' lang='lat' dir='ltr'>cui</span> <span class='ocrx_word' id='word_1_268' title='bbox 419 4274 462 4338; x_wconf 90' lang='lat' dir='ltr'>sit</span> <span class='ocrx_word' id='word_1_269' title='bbox 484 4282 569 4354; x_wconf 79' lang='lat' dir='ltr'>aetas,</span> <span class='ocrx_word' id='word_1_270' title='bbox 591 4273 753 4358; x_wconf 91' lang='lat' dir='ltr'>ingenium</span> <span class='ocrx_word' id='word_1_271' title='bbox 776 4281 809 4338; x_wconf 90' lang='lat' dir='ltr'>et</span> <span class='ocrx_word' id='word_1_272' title='bbox 830 4272 964 4337; x_wconf 80' lang='lat' dir='ltr'>facultas</span> <span class='ocrx_word' id='word_1_273' title='bbox 988 4273 1108 4337; x_wconf 88' lang='lat' dir='ltr'>diutius</span> <span class='ocrx_word' id='word_1_274' title='bbox 1131 4272 1336 4337; x_wconf 87' lang='lat' dir='ltr'>continuandi</span> <span class='ocrx_word' id='word_1_275' title='bbox 1357 4273 1521 4337; x_wconf 91' lang='lat' dir='ltr'>literarum</span> <span class='ocrx_word' id='word_1_276' title='bbox 1536 4281 1604 4336; x_wconf 91' lang='lat' dir='ltr'>stu-</span> 
     </span>
     <span class='ocr_line' id='line_1_36' title="bbox 346 4375 1602 4463; baseline -0.004 -20"><span class='ocrx_word' id='word_1_277' title='bbox 346 4377 408 4458; x_wconf 78' lang='lat' dir='ltr'>dia,</span> <span class='ocrx_word' id='word_1_278' title='bbox 430 4377 564 4442; x_wconf 89' lang='lat' dir='ltr'>ducatur</span> <span class='ocrx_word' id='word_1_279' title='bbox 586 4399 643 4463; x_wconf 93' lang='lat' dir='ltr'>per</span> <span class='ocrx_word' id='word_1_280' title='bbox 665 4398 775 4442; x_wconf 91' lang='lat' dir='ltr'>omnes</span> <span class='ocrx_word' id='word_1_281' title='bbox 798 4377 946 4441; x_wconf 88' lang='lat' dir='ltr'>scientias</span> <span class='ocrx_word' id='word_1_282' title='bbox 970 4385 1003 4440; x_wconf 91' lang='lat' dir='ltr'>et</span> <span class='ocrx_word' id='word_1_283' title='bbox 1024 4377 1147 4463; x_wconf 84' lang='lat' dir='ltr'>linguas</span> <span class='ocrx_word' id='word_1_284' title='bbox 1170 4377 1381 4441; x_wconf 85' lang='lat' dir='ltr'>inservientes</span> <span class='ocrx_word' id='word_1_285' title='bbox 1402 4375 1554 4456; x_wconf 85' lang='lat' dir='ltr'>facultati,</span> <span class='ocrx_word' id='word_1_286' title='bbox 1569 4375 1602 4439; x_wconf 91' lang='lat' dir='ltr'>iu</span> 
     </span>
     <span class='ocr_line' id='line_1_37' title="bbox 347 4479 1603 4568; baseline -0.002 -22"><span class='ocrx_word' id='word_1_287' title='bbox 347 4505 410 4568; x_wconf 88' lang='lat' dir='ltr'>qua</span> <span class='ocrx_word' id='word_1_288' title='bbox 437 4491 561 4547; x_wconf 82' lang='lat' dir='ltr'>aetatem</span> <span class='ocrx_word' id='word_1_289' title='bbox 588 4491 692 4547; x_wconf 89' lang='lat' dir='ltr'>terere</span> <span class='ocrx_word' id='word_1_290' title='bbox 724 4479 875 4547; x_wconf 89' lang='lat' dir='ltr'>decrevit.</span> <span class='ocrx_word' id='word_1_291' title='bbox 921 4481 1049 4560; x_wconf 78' lang='lat' dir='ltr'>Quibus</span> <span class='ocrx_word' id='word_1_292' title='bbox 1073 4504 1150 4547; x_wconf 89' lang='lat' dir='ltr'>vero</span> <span class='ocrx_word' id='word_1_293' title='bbox 1174 4491 1224 4546; x_wconf 89' lang='lat' dir='ltr'>est</span> <span class='ocrx_word' id='word_1_294' title='bbox 1245 4483 1347 4568; x_wconf 89' lang='lat' dir='ltr'>major</span> <span class='ocrx_word' id='word_1_295' title='bbox 1368 4481 1532 4567; x_wconf 88' lang='lat' dir='ltr'>temporis,</span> <span class='ocrx_word' id='word_1_296' title='bbox 1555 4480 1603 4544; x_wconf 91' lang='lat' dir='ltr'>in-</span> 
     </span>
     <span class='ocr_line' id='line_1_38' title="bbox 345 4584 1603 4678; baseline -0.002 -25"><span class='ocrx_word' id='word_1_297' title='bbox 345 4587 431 4676; x_wconf 91' lang='lat' dir='ltr'>genii</span> <span class='ocrx_word' id='word_1_298' title='bbox 453 4609 490 4652; x_wconf 90' lang='lat' dir='ltr'>ac</span> <span class='ocrx_word' id='word_1_299' title='bbox 511 4596 695 4674; x_wconf 89' lang='lat' dir='ltr'>sumptuum</span> <span class='ocrx_word' id='word_1_300' title='bbox 718 4588 873 4673; x_wconf 85' lang='lat' dir='ltr'>augustia,</span> <span class='ocrx_word' id='word_1_301' title='bbox 896 4586 937 4650; x_wconf 89' lang='lat' dir='ltr'>ad</span> <span class='ocrx_word' id='word_1_302' title='bbox 960 4585 1223 4667; x_wconf 61' lang='lat' dir='ltr'>accomodaret,</span> <span class='ocrx_word' id='word_1_303' title='bbox 1245 4607 1316 4673; x_wconf 88' lang='lat' dir='ltr'>quae</span> <span class='ocrx_word' id='word_1_304' title='bbox 1335 4584 1376 4660; x_wconf 85' lang='lat' dir='ltr'>ad</span> <span class='ocrx_word' id='word_1_305' title='bbox 1399 4586 1473 4658; x_wconf 76' lang='lat' dir='ltr'>vito</span> <span class='ocrx_word' id='word_1_306' title='bbox 1493 4606 1603 4678; x_wconf 61' lang='lat' dir='ltr'>genus,</span> 
     </span>
     <span class='ocr_line' id='line_1_39' title="bbox 347 4677 1505 4786; baseline -0.009 -28"><span class='ocrx_word' id='word_1_307' title='bbox 347 4692 433 4786; x_wconf 90' lang='lat' dir='ltr'>quod</span> <span class='ocrx_word' id='word_1_308' title='bbox 456 4692 628 4784; x_wconf 68' lang='lat' dir='ltr'>elegerat,</span> <span class='ocrx_word' id='word_1_309' title='bbox 649 4691 793 4786; x_wconf 87' lang='lat' dir='ltr'>proxime</span> <span class='ocrx_word' id='word_1_310' title='bbox 815 4689 1006 4767; x_wconf 79' lang='lat' dir='ltr'>conducunt.</span> <span class='ocrx_word' id='word_1_311' title='bbox 1261 4677 1263 4682; x_wconf 67' lang='grc'><strong>’</strong></span> <span class='ocrx_word' id='word_1_312' title='bbox 1503 4681 1505 4684; x_wconf 72' lang='grc'><strong>’</strong></span> 
     </span>
    </p>
   </div>
   <div class='ocr_carea' id='block_1_7' title="bbox 0 0 1765 5616">
    <p class='ocr_par' dir='ltr' id='par_1_11' title="bbox 0 0 1765 5616">
     <span class='ocr_line' id='line_1_40' title="bbox 0 0 1765 5616; baseline 0 0"><span class='ocrx_word' id='word_1_313' title='bbox 0 0 1765 5616; x_wconf 95' lang='lat' dir='ltr'> </span> 
     </span>
    </p>
   </div>
  </div>
 </body>
</html>
